2596 4124
464 394 555 442 WHY
578 395 636 442 WE
661 394 732 442 USE
754 395 802 442 IT.
1121 393 1154 445 45

157 563 399 633 [Au.oe11.1x.vi.]
439 558 486 614 Ab
507 576 548 625 eo,
563 559 638 630 quod
658 567 701 613 est
719 577 773 632 ago
793 566 820 613 et
839 560 890 632 egi,
905 559 992 614 verba
1005 568 1069 615 sunt
1082 578 1154 632 quae

112 650 255 720 appellant
279 650 455 720 grammatici
481 650 695 720 frequentativa,
722 651 810 703 actito
836 658 865 703 et
889 652 1021 704 actitavi.
1073 653 1153 704 Haec

111 742 250 813 quosdam
263 758 320 795 non
334 758 402 796 sane
416 742 545 795 indoctos
557 742 633 795 viros
651 741 734 795 audio
748 741 787 794 ita
800 742 979 811 pronuntiare
993 750 1024 795 ut
1035 743 1154 812 primam

112 834 141 886 in
156 833 200 887 his
218 833 340 887 litteram
360 834 530 903 corripiant3
550 835 743 904 rationemque
763 833 865 899 dicant,
881 833 1012 904 quoniam
1026 834 1055 886 in
1068 835 1154 888 verbo

111 925 266 994 principali,
281 923 357 996 quod
371 934 414 978 est
426 944 487 997 ago,
499 926 589 994 prima
608 925 700 978 littera
720 925 841 979 breviter
853 926 1056 994 pronuntiatur.
1099 929 1155 980 Cur

112 1018 195 1087 igitur
215 1016 251 1070 ab
272 1034 305 1070 eo
325 1017 400 1087 quod
417 1025 461 1070 est
472 1016 522 1071 cdo
536 1025 564 1071 et
582 1035 664 1088 ungo,
679 1018 707 1070 in
723 1017 825 1087 quibus
838 1017 933 1071 verbis
953 1018 1044 1088 prima
1064 1018 1156 1071 littera

111 1107 232 1163 breviter
255 1109 362 1173 dicitur,
382 1111 453 1163 esito
476 1116 504 1162 et
522 1110 638 1175 unctito,
652 1125 723 1179 quae
747 1117 811 1163 sunt
834 1126 929 1163 eorum
949 1110 1155 1180 frequentativa

110 1200 202 1269 prima
226 1200 318 1253 littera
345 1199 430 1270 longa
452 1199 625 1269 promimus?
648 1208 676 1254 et
698 1209 803 1266 contra,
824 1201 931 1267 dictim,
953 1201 990 1255 ab
1013 1218 1046 1255 eo
1067 1200 1155 1256 verbo

112 1291 187 1360 quod
214 1299 256 1345 est
273 1282 350 1356 dico,
375 1299 501 1360 correpte
528 1290 666 1345 dicimus?
707 1294 783 1345 Num
810 1308 875 1363 ergo
901 1294 994 1362 potius
1017 1296 1104 1348 actito
1128 1302 1156 1347 et

110 1384 238 1436 actitavi
256 1381 437 1452 producenda
456 1383 541 1436 sunt?
567 1383 699 1453 quoniam
721 1384 927 1454 frequentativa
950 1385 1037 1438 ferme
1061 1387 1155 1438 omnia

111 1472 211 1527 eodem
230 1473 314 1527 modo
334 1474 362 1526 in
382 1475 472 1543 prima
491 1474 602 1544 syllaba
620 1473 756 1540 dicuntur,
772 1492 827 1545 quo
848 1475 996 1545 participia
1014 1477 1155 1547 praeteriti

111 1565 244 1636 temporis
258 1582 293 1618 ex
306 1566 340 1619 iis
352 1566 446 1620 verbis
466 1565 539 1620 unde
554 1583 588 1619 ea
600 1566 729 1635 proiecta
742 1567 848 1620 suntin
861 1567 959 1621 eadem
972 1567 1082 1638 syllaba
1094 1586 1156 1638 pro

111 1657 290 1723 nuntiantur3
310 1657 383 1711 sicut
394 1657 462 1729 lego,
476 1657 574 1721 lectus,
588 1656 681 1710 lectito
696 1657 781 1724 facit3
802 1676 885 1730 unge,
901 1667 1012 1725 unctus,
1025 1661 1156 1725 unctito,·

110 1748 210 1813 scribo,
225 1750 359 1818 scraptus,
373 1751 526 1819 scriptitas
547 1767 651 1815 moneo,
664 1751 800 1815 monitus,
815 1753 945 1814 monito,·
959 1751 1076 1821 pendeo,
1085 1756 1156 1822 pen-

111 1856 171 1904 sus,
185 1840 323 1910 pensito,·
342 1841 399 1906 edo,
417 1858 490 1906 esus,
504 1842 595 1904 esito,·
614 1841 684 1906 dabo,
706 1849 806 1907 autem,
827 1843 929 1908 dictus,
946 1843 1046 1896 dictito
1066 1843 1155 1910 iacit3

106 1948 183 2003 gero,
190 1938 298 2002 gestus,
304 1934 428 2003 gestito,·
447 1932 526 1998 veho,
538 1941 643 1998 vectus,
658 1935 778 1997 vectit0;
798 1936 890 2005 rapio,
902 1939 1015 2005 raptus,
1027 1937 1155 2007 raptim

111 2023 200 2092 capio,
224 2027 335 2094 captus,
358 2026 486 2095 captito,·
498 2027 591 2096 facio,
606 2029 719 2097 sactus,
733 2027 850 2097 factito.
892 2027 939 2080 Sic
962 2027 1045 2097 igitur
1067 2030 1155 2083 actito

112 2114 246 2182 producte
260 2115 289 2168 in
301 2117 392 2185 prima
405 2116 514 2189 syllaba
533 2115 777 2186 pronuntiandum,
793 2117 924 2187 quoniam
939 2134 1019 2171 exeo
1033 2119 1064 2172 fit
1078 2119 1154 2188 quod

113 2212 155 2257 est
166 2223 220 2277 ago
233 2214 260 2260 et
272 2213 363 2259 actus.
