2596 4124
133 383 167 434 28
258 388 335 435 THE
357 388 501 437 ROMAN
517 387 845 438 PRONUNCIATION
865 389 914 437 OF
932 389 1059 436 LATIN.

177 553 296 612 Marius
311 553 489 626 Victorinus
512 555 583 613 thus
602 563 665 614 sets
685 556 769 614 forth
784 555 837 613 the
853 554 1019 614 difference
1037 555 1177 614 between

134 665 150 710 s
166 652 228 711 and
242 668 267 711 x
285 653 360 734 (cs):

178 789 249 860 [Keil.
258 817 278 844 v.
287 803 326 844 νΙ.
337 816 359 854 p.
369 794 416 863 μ]
458 792 568 846 Dehinc
582 791 654 846 duae
668 808 823 862 supremae,
837 808 853 847 s
866 800 894 847 et
906 809 936 861 x,
948 791 1007 863 jure
1020 791 1177 863 junguntur.

135 883 211 935 Nam
230 881 323 935 vicino
344 882 415 936 inter
434 899 464 936 se
485 900 585 937 sonore
606 891 725 937 attracto
745 883 859 937 sibilant
878 884 956 949 rictu,
978 885 1017 937 ita
1036 891 1130 937 tamen
1153 884 1179 936 si

133 973 232 1042 prioris
259 974 330 1026 ictus
356 990 429 1043 pone
456 973 553 1028 dentes
580 975 716 1029 excitatus
742 975 778 1028 ad
804 975 926 1035 medium
952 975 1021 1028 lenis
1049 975 1176 1044 agitetur,

133 1066 274 1137 sequentis
296 1074 388 1119 autem
410 1081 506 1120 crasso
526 1066 625 1135 spiritu
644 1066 785 1136 hispidum
805 1075 893 1132 sonet,
909 1067 974 1136 quia
986 1083 1036 1136 per
1049 1065 1178 1136 conjunc-

133 1159 237 1212 tionem
251 1172 266 1213 c
280 1167 307 1211 et
321 1174 346 1225 s,
362 1174 479 1228 quarum
500 1166 528 1211 et
547 1157 639 1212 locum
659 1157 755 1227 implet
774 1166 802 1212 et
820 1158 877 1211 vim
897 1158 1032 1227 exprimit,
1048 1164 1078 1211 ut
1092 1174 1178 1211 sensu

134 1251 241 1304 aurium
255 1249 396 1314 ducemur,
412 1249 545 1310 efficitur.

176 1413 327 1482 Donatus,
345 1408 513 1486 according
527 1418 559 1468 to
572 1409 746 1486 Pompeius,
760 1408 930 1484 complains
946 1409 979 1466 of
993 1409 1045 1467 the
1057 1408 1176 1468 Greeks

134 1529 168 1569 as
184 1508 339 1586 sounding
354 1508 407 1567 the
423 1522 439 1567 s
453 1517 507 1567 too
521 1508 646 1586 ieebly:

179 1650 251 1720 [Keil.
261 1673 282 1699 v.
293 1658 320 1699 v.
330 1672 352 1710 p.
363 1647 422 1718 wa]
464 1646 535 1699 Item
549 1660 565 1699 s
577 1645 699 1699 litteram
714 1646 816 1700 Graeci
836 1645 943 1699 exiliter
960 1646 1086 1699 ecferunt
1106 1643 1177 1698 adeo

134 1747 164 1792 ut
177 1755 241 1792 cum
255 1736 352 1790 dicunt
357 1738 454 1806 jussit
467 1754 516 1806 per
530 1754 615 1790 unum
629 1753 644 1791 s
658 1736 749 1791 dicere
764 1737 914 1791 existimas.

174 1897 252 1956 This
277 1895 378 1956 would
404 1895 539 1955 indicate
564 1896 632 1954 that
656 1896 709 1955 the
736 1898 875 1955 Romans
900 1895 1101 1972 pronounced
1124 1895 1177 1955 the

133 1997 259 2056 sibilant
275 1994 441 2073 distinctly,
453 2004 555 2074 —yet
569 2004 624 2053 not
639 2004 692 2053 too
707 1994 933 2072 emphatically,
944 1995 993 2051 for
1005 1994 1176 2066 Quintilian

133 2116 214 2175 sayS,
232 2096 301 2155 ‘the
328 2104 442 2154 master
463 2094 496 2152 of
518 2093 566 2152 his
588 2102 635 2152 art
658 2092 705 2172 (of
726 2093 890 2173 speaking)
912 2091 971 2150 will
994 2101 1049 2151 not
1069 2092 1178 2172 fondly

132 2196 263 2274 prolong
278 2214 313 2253 or
328 2194 411 2273 dally
425 2193 497 2252 with
513 2193 561 2252 his
577 2194 630 2252 s’:

177 2333 266 2403 [Quint.
278 2344 295 2384 1.
307 2344 334 2384 xi.
345 2335 379 2406 6.]
418 2331 463 2383 Ne
486 2328 548 2381 illas
574 2328 686 2398 quidem
709 2328 785 2382 circa
807 2342 823 2382 a
845 2327 965 2381 litteram
991 2327 1106 2381 delicias
1132 2328 1177 2381 hic
1261 2393 1263 2397 ,

133 2424 265 2495 magister
278 2423 356 2476 ieret.

173 2580 200 2640 T
214 2582 240 2642 is
256 2579 459 2659 pronounced
481 2579 542 2638 like
565 2579 617 2637 the
641 2578 770 2657 English
783 2579 799 2637 t
813 2597 897 2656 pure,
914 2588 1024 2655 except
1039 2579 1106 2638 that
1124 2578 1176 2636 the

132 2692 247 2760 tongue
263 2679 375 2740 should
391 2679 547 2757 approach
562 2678 615 2737 the
631 2677 716 2737 teeth
731 2697 815 2738 more
831 2678 943 2757 nearly.

176 2814 287 2886 [Pompei.
317 2823 443 2866 Comm.ad
449 2824 531 2864 Donat.
559 2822 616 2864 Keil.
627 2836 647 2864 v.
658 2822 698 2863 VI.
708 2835 730 2874 p.
741 2815 787 2886 ῃ]
824 2810 850 2864 D
871 2818 963 2864 autem
981 2817 1009 2863 et
1025 2815 1050 2876 t,
1066 2807 1175 2879 quibus,

132 2915 162 2960 ut
175 2907 214 2959 ita
228 2904 353 2968 dixerim,
370 2903 448 2956 vocis
462 2901 591 2955 vicinitas
611 2899 748 2971 quaedam
769 2908 819 2966 est,
834 2901 946 2971 linguae
966 2898 1122 2953 sublatione
1143 2915 1176 2952 ac

131 2997 269 3067 positione
283 2993 498 3063 distinguuntur.
540 2994 616 3044 Nam
636 3009 698 3046 cum
718 3008 842 3046 summos
863 3000 945 3062 atque
961 2991 1033 3044 imos
1047 2988 1176 3059 conjunc-

132 3089 181 3142 tim
194 3088 293 3141 dentes
307 3102 437 3156 suprema
452 3101 504 3138 sua
513 3092 592 3154 parte
604 3083 756 3153 pulsaverit
768 3084 786 3138 d
799 3083 920 3136 litteram
933 3081 1069 3151 exprimit
1104 3081 1176 3148 Quo

132 3180 203 3234 tiens
230 3188 322 3233 autem
350 3177 501 3232 sublimata
527 3183 635 3246 partem
662 3191 717 3245 qua
743 3174 850 3243 superis
876 3171 1006 3227 dentibus
1033 3181 1076 3226 est
1097 3173 1177 3243 origo

132 3271 286 3342 contigerit,
302 3276 317 3326 t
331 3286 431 3323 sonore
444 3268 521 3323 vocis
536 3265 693 3336 explicabit.

174 3433 265 3490 From
281 3430 334 3488 the
350 3448 434 3489 same
449 3427 550 3488 writer
564 3445 609 3486 we
624 3426 709 3485 learn
723 3424 791 3485 that
807 3442 892 3484 some
906 3423 1108 3501 pronounced
1123 3422 1176 3481 the

131 3532 147 3589 t
161 3540 214 3589 too
230 3529 359 3608 heavily,
376 3527 482 3605 giving
497 3525 520 3585 it
535 3545 553 3585 a
570 3524 673 3584 ‘thick
688 3524 789 3583 sound
799 3526 820 3583 ἐ

176 3667 248 3738 [ken.
259 3693 280 3721 v.
291 3679 317 3720 v.
328 3692 349 3730 p.
361 3654 419 3740 39¹4]
458 3665 533 3718 Ecce
554 3664 582 3716 in
602 3662 694 3716 littera
705 3668 721 3718 t
734 3661 818 3732 aliqui
832 3662 871 3715 ita
884 3661 987 3731 pingue
1001 3659 1095 3713 nescio
1109 3657 1176 3728 quid

133 3766 242 3824 sonant,
258 3766 289 3812 ut
301 3774 365 3812 cum
379 3755 475 3810 dicunt
488 3756 576 3810 etaiam
591 3753 660 3807 nihil
674 3753 709 3807 de
722 3752 815 3807 media
828 3751 938 3824 syllaba
951 3751 1112 3820 infringant.
