2596 4124
129 366 145 415 6
251 367 327 414 THE
349 367 492 414 ROMAN
509 368 838 416 PRONUNCIATION
858 370 906 417 OF
924 369 1051 418 LATIN.

131 532 195 585 Hoc
219 531 293 584 idem
319 530 444 601 plerique
470 531 561 585 solent
587 532 670 586 etiam
697 533 725 586 in
751 533 805 586 illis
829 533 998 588 dictionibus
1021 536 1122 602 facere,
1145 537 1173 589 in

130 622 231 693 quibus
249 640 266 676 a
283 624 303 677 fi
320 623 399 677 brevi
418 623 553 692 incipiunt
572 623 698 694 syllabae
718 625 899 694 sequentibus
915 643 999 694 supra
1015 625 1096 680 dictis
1110 645 1173 682 con-

129 714 302 780 sonantibus,
326 723 356 768 ut
365 714 451 784 fideS,
470 715 612 784 perfidus,
636 718 777 785 confiteor,
798 718 926 786 infimus,
938 719 1060 786 firmus.
1102 721 1174 773 Sunt

130 814 222 859 autem
236 807 283 875 qui
297 823 353 859 nou
366 805 437 859 adeo
450 805 504 859 hoc
519 806 678 871 observant,
694 824 757 860 cum
770 807 806 860 de
818 807 850 861 vi
863 824 945 861 nemo
959 809 1016 862 fere
1035 809 1152 864 dubitat.

171 951 262 1009 From
278 949 340 1009 this
355 948 378 1008 it
392 950 494 1008 would
509 969 592 1008 seem
608 950 676 1009 that
691 949 723 1008 in
738 951 791 1009 the
806 951 958 1028 positions
974 952 1072 1011 above
1090 973 1172 1012 men—

128 1049 236 1109 tioned
250 1045 285 1108 vi
300 1049 505 1108 short—and
520 1049 593 1108 with
609 1068 694 1109 some
710 1051 857 1126 speakers
872 1049 896 1108 fi
909 1051 1044 1110 short—
1054 1052 1116 1111 had
1132 1073 1172 1111 an

129 1149 267 1220 obscure,
285 1149 454 1208 somewhat
473 1148 649 1222 thickened‚
667 1150 776 1221 sound,
794 1160 849 1209 not
865 1151 969 1209 unlike
987 1151 1055 1210 that
1075 1151 1171 1211 heard

128 1248 161 1307 in
180 1249 233 1307 the
255 1248 382 1326 English
396 1249 497 1307 words
517 1251 625 1323 virgin,
638 1250 725 1323 firm,
742 1259 829 1308 anot
844 1250 1007 1308 unnatural
1029 1251 1172 1310 obscura·

128 1347 203 1407 tion.
248 1350 292 1406 As
309 1349 451 1406 Donatus
467 1366 538 1426 says
553 1349 586 1406 ol
601 1347 643 1407 it:

173 1464 245 1536 [keil.
256 1492 276 1518 v.
288 1479 326 1519 1v.
338 1492 359 1529 p.
370 1467 428 1538 ³⁶7]
470 1466 577 1536 Pingue
592 1467 687 1519 nescio
698 1467 763 1536 quid
777 1484 829 1536 pro
843 1469 962 1521 naturali
975 1486 1046 1522 sono
1060 1487 1172 1539 usurpa·

129 1574 198 1610 mus.

173 1684 364 1757 Sometimes,
378 1685 567 1764 apparently,
581 1686 643 1744 this
659 1686 813 1765 tendency
827 1706 883 1744 ran
899 1685 963 1746 into
979 1706 1096 1760 excess,
1110 1689 1171 1747 and

128 1783 181 1842 the
199 1784 273 1860 long
290 1781 378 1843 iwas
401 1785 466 1842 also
485 1785 656 1856 ohscured;
680 1785 768 1844 while
787 1786 965 1845 sometimes
985 1787 1037 1845 the
1060 1784 1172 1846 shorti

127 1902 190 1942 was
205 1884 405 1960 pronounced
420 1893 473 1942 too
489 1884 656 1962 distinctly.
701 1885 778 1943 This
794 1885 860 1943 vice
876 1885 902 1943 is
918 1887 1115 1945 commented
1130 1906 1169 1944 on

128 1984 170 2062 by
184 1983 236 2041 the
250 1982 480 2060 grammarians,
497 1984 596 2042 under
610 1984 662 2042 the
679 2002 769 2042 name
785 1985 912 2043 iotacism
923 2009 933 2041 .·

173 2113 283 2185 [Pompei.
312 2129 394 2169 Comm.
414 2128 447 2168 ad
460 2129 541 2169 Donat.
570 2127 627 2169 Keil.
645 2141 665 2168 v.
681 2129 708 2170 V.
723 2141 744 2178 p.
762 2117 821 2187 394]
860 2117 1046 2182 [olacismum
1073 2115 1171 2171 dicunt

127 2206 225 2260 vitium
246 2207 321 2276 quod
340 2224 390 2276 per
409 2208 421 2261 i
439 2206 559 2260 litteram
578 2207 623 2260 vel
642 2207 772 2279 pinguius
791 2205 836 2259 vel
856 2206 953 2259 exilius
972 2206 1111 2275 prolatam
1130 2209 1169 2261 fit.

129 2297 204 2350 Galli
223 2298 352 2368 pinguius
372 2299 445 2352 hanc
466 2307 586 2363 utuntur,
602 2306 632 2351 ut
651 2315 713 2351 cum
734 2297 829 2351 dicunt
848 2299 895 2362 ite,
910 2314 966 2350 non
984 2314 1115 2367 expresse
1133 2299 1171 2368 ip

127 2405 186 2442 sam
200 2390 381 2458 proferentes,
397 2389 448 2443 sed
468 2391 569 2446 intere
587 2398 614 2443 et
631 2390 642 2443 i
658 2390 831 2459 pinguiorem
852 2405 952 2443 sonum
971 2390 1067 2443 nescio
1087 2407 1170 2460 quem

126 2490 270 2550 ponentes.
312 2481 415 2534 Graeci
434 2481 531 2534 exilius
551 2481 624 2534 hanc
647 2482 799 2550 proferunt,
822 2480 893 2534 adeo
916 2482 1088 2550 expressioni
1111 2481 1171 2552 ejus

127 2573 203 2626 tenui
217 2573 369 2638 studentes,
386 2581 416 2626 ut
428 2573 452 2626 si
466 2573 561 2626 dicant
566 2574 629 2642 jus,
645 2571 846 2642 aliquantulum
864 2571 898 2626 de
914 2573 999 2642 priori
1019 2573 1110 2627 littera
1129 2573 1170 2627 sic

126 2664 278 2733 proferant,
294 2673 324 2718 ut
336 2663 433 2718 videas
454 2663 636 2736 dissyllabam
657 2681 718 2717 esse
738 2665 851 2718 factam.
893 2666 1038 2719 Romanae
1058 2664 1170 2735 linguae

126 2755 155 2807 in
175 2756 229 2808 hoc
250 2756 301 2809 erit
320 2756 483 2821 moderatio,
498 2764 528 2809 ut
546 2756 625 2810 exilis
643 2754 703 2825 ejus
723 2772 808 2809 sonus
827 2756 870 2821 sit,
886 2756 934 2809 ubi
953 2756 989 2810 ab
1006 2773 1040 2810 ea
1053 2755 1170 2809 verbum

126 2847 230 2916 incipit,
252 2856 281 2900 ut
301 2849 346 2913 ite,
368 2856 416 2901 aut
435 2848 571 2918 pinguior,
587 2846 634 2901 ubi
654 2847 682 2899 in
702 2863 736 2901 ea
756 2846 857 2901 desinit
875 2847 999 2913 verbum,
1021 2855 1051 2900 ut
1070 2847 1168 2912 habui,

125 2939 226 3002 tenui,·
246 2937 368 2992 medium
383 2938 521 3008 quendam
541 2947 641 2992 sonum
658 2939 728 2992 inter
747 2952 762 2994 e
782 2947 809 2992 et
828 2939 839 2992 i
859 2937 952 3003 habet,
968 2937 1015 2992 ubi
1030 2938 1059 2990 iu
1077 2938 1169 2992 medio

125 3046 252 3083 sermone
274 3038 321 3095 est,
337 3038 368 3083 ut
383 3029 534 3085 hominem.
577 3030 649 3082 Mihi
664 3038 759 3083 tamen
772 3028 889 3094 videtur,
905 3028 1016 3099 quando
1031 3028 1169 3098 producta

126 3129 175 3187 est,
196 3121 303 3191 plenior
323 3120 367 3174 vel
389 3122 496 3175 acutior
517 3138 595 3188 esse3
622 3121 735 3191 quando
759 3129 852 3174 autem
873 3121 966 3174 brevis
986 3129 1029 3174 est
1048 3121 1168 3175 medium

125 3229 224 3266 sonum
239 3211 369 3266 exhibere
383 3210 474 3278 debet,
489 3213 562 3266 sicut
574 3211 673 3266 eadem
686 3211 813 3281 exempla
827 3228 898 3282 quae
917 3212 1011 3281 posita
1029 3221 1094 3266 sunt
1107 3231 1168 3283 pos-

125 3313 190 3357 sunt
203 3303 353 3358 declarare.

166 3431 233 3489 The
247 3430 468 3508 grammarians
484 3431 549 3491 also
565 3440 638 3490 note
653 3431 706 3489 the
721 3430 857 3507 peculiar
868 3430 997 3489 relation
1009 3432 1043 3489 of
1057 3446 1078 3489 u
1090 3441 1122 3490 t0
1134 3446 1165 3504 q,

124 3549 159 3588 as
174 3529 206 3588 in
221 3530 273 3589 the
288 3531 446 3608 following
459 3550 610 3608 passage:

167 3644 240 3715 [Serg.
253 3657 344 3709 Explan.
355 3659 402 3699 Art.
413 3659 494 3699 Donat.
522 3659 580 3699 Keil.
590 3672 611 3699 u.
623 3659 662 3700 IV.
673 3672 695 3709 p.
705 3649 763 3719 475]
802 3645 908 3702 Uvel'o
923 3646 978 3700 hoc
993 3645 1095 3700 accidit
1106 3663 1167 3715 pro·

123 3736 221 3807 prium,
236 3745 267 3790 ut
283 3736 421 3791 interdum
437 3755 487 3791 nec
507 3737 614 3791 vocalis
634 3755 684 3790 nec
705 3754 864 3790 consonans
883 3737 927 3802 sit,
942 3737 996 3792 hoc
1012 3745 1055 3790 est
1069 3745 1167 3790 utnon
