2596 4124
481 406 572 457 WHY
592 406 649 456 WE
676 402 746 456 USE
768 403 817 455 [72
1136 400 1166 457 17

170 577 230 648 [Cic.
241 588 278 630 or.
289 587 397 629 xnv111.
410 575 467 645 ise]
509 573 583 641 Quin
606 589 660 642 ego
682 572 751 641 ipse,
775 589 839 626 cum
861 572 961 626 scirem
982 572 1022 625 ita
1047 569 1166 642 majores

124 667 232 722 locutos
245 684 307 721 esse
321 675 501 735 utnusquam
515 657 568 717 nisi
581 664 610 717 in
622 663 714 718 vocali
728 663 897 732 aspiratione
911 671 1059 728 uterentur,
1074 663 1167 732 loque-

124 759 176 814 bar
196 760 244 824 sic,
269 767 299 812 ut
318 758 447 828 pulcros,
474 764 590 828 cetegus,
617 758 768 825 trr'umpos,
795 756 999 827 Kartaginem,
1026 743 1180 820 dicerem}

125 851 283 921 aliquando,
298 850 382 920 idque
401 866 472 914 sero,
487 848 613 902 convicio
634 848 741 902 aurium
761 864 824 901 cum
844 854 952 902 extorta
971 846 1040 900 mihi
1055 848 1166 912 veritas,

125 960 206 997 usum
218 942 352 1013 loquendi
364 941 469 1011 populo
483 941 619 1005 concessi,
634 940 779 994 scientiam
793 939 860 992 mihi
875 940 1022 993 reservavi.

166 1085 286 1145 Gellius
309 1084 421 1162 speaks
436 1084 470 1143 of
483 1084 536 1143 the
552 1083 692 1142 ancients
711 1102 744 1142 as
764 1082 879 1161 having
900 1084 1062 1161 employed
1077 1084 1129 1142 the
1143 1080 1166 1141 h

125 1186 240 1264 merely
252 1195 286 1244 to
301 1184 363 1243 add
378 1204 396 1243 a
412 1183 528 1243 certain
548 1184 632 1242 force
653 1183 716 1242 and
731 1182 783 1242 life
798 1192 831 1242 to
847 1184 899 1242 the
914 1184 1007 1255 word,
1024 1183 1056 1241 in
1071 1183 1167 1242 imita·

124 1285 190 1344 tion
201 1285 234 1343 of
244 1285 296 1343 the
309 1284 394 1343 Attio
405 1293 529 1361 tongue,
543 1284 605 1342 and
617 1293 810 1343 enumerates
820 1303 904 1343 some
917 1285 950 1343 of
958 1285 1045 1343 these
1057 1273 1166 1343 words.

125 1385 222 1458 Thus,
238 1385 278 1443 he
300 1403 379 1462 says,
403 1384 477 1462 they
498 1383 566 1442 said
587 1385 754 1458 lachrymas
761 1408 773 1453 ,·
795 1384 875 1457 thus,
898 1385 1088 1458 sepulchrum,
1104 1385 1168 1442 alre-

125 1505 217 1558 neum,
228 1485 381 1557 vehemens,
390 1485 532 1557 tuchoarc,
543 1484 665 1556 helvum,
676 1485 864 1557 hallucinari,
874 1485 988 1557 hanna,
1000 1485 1166 1543 honustum.
1196 1496 1199 1500 “

171 1619 269 1688 [Genius
279 1628 310 1669 11.
320 1618 366 1688 iit]
408 1616 442 1667 ln
455 1615 499 1668 his
513 1613 586 1670 enim
600 1613 693 1669 verbis
708 1615 837 1669 omnibus
856 1615 972 1681 litterae,
987 1632 1036 1669 seu
1056 1615 1169 1684 spiritus

127 1708 206 1762 istius
227 1707 302 1761 nulla
322 1708 392 1760 ratio
406 1707 467 1761 visa
483 1714 533 1772 est,
548 1707 600 1760 nisi
614 1715 645 1760 ut
658 1707 773 1760 firmitas
788 1715 816 1761 et
825 1707 905 1777 vigor
917 1707 1002 1772 vocis,
1017 1707 1099 1777 quasi
1111 1706 1169 1776 qui-

126 1798 248 1853 busdam
262 1798 354 1852 nervis
368 1797 479 1863 additis,
494 1797 688 1852 intenderetur.

168 1942 241 2001 And
255 1942 294 2000 he
309 1941 380 2001 tells
399 1961 438 2000 an
459 1941 642 2019 interesting
655 1942 815 2001 'anecdote
838 1942 932 2000 about
947 1960 965 2000 a
979 1941 1169 2019 manuscript

126 2042 160 2101 oi
174 2040 297 2120 Vergil:

175 2173 232 2228 Sed
252 2174 386 2244 quoniam
405 2173 494 2228 aheni
512 2190 623 2245 quoque
638 2173 765 2243 exemplo
779 2172 821 2227 usi
835 2189 938 2239 sumus,
952 2175 1028 2228 venit
1041 2173 1123 2227 nobis
1141 2173 1169 2226 in

128 2264 296 2330 memoriam,
308 2263 394 2318 fidum
403 2272 593 2335 optatumque,
605 2264 684 2319 multi
697 2265 817 2318 nominis
830 2267 945 2330 Romae,
956 2265 1168 2335 grammaticum

126 2355 283 2411 ostendisse
302 2356 373 2410 >mihi
392 2356 494 2410 librum
515 2356 658 2411 Aeneidos
678 2356 831 2411 secundum
851 2356 994 2410 mirandae
1013 2357 1168 2421 vetustatis,

127 2456 251 2518 emptum
276 2449 305 2501 in
333 2447 479 2518 Sigillariis
505 2450 570 2504 XX.
598 2449 696 2514 aureis,
720 2465 803 2518 quem
829 2449 916 2518 ipsius
941 2447 1058 2518 Vergilii
1083 2448 1169 2501 luisse

127 2539 279 2605 credebat,
299 2539 328 2592 in
348 2556 403 2609 quo
424 2539 480 2593 duo
500 2538 545 2593 isti
565 2557 662 2594 versus
682 2556 746 2594 cum
766 2539 805 2593 ita
824 2540 920 2609 scripti
939 2540 1050 2594 forent:

244 2647 432 2697 “Vestibulum
444 2658 504 2698 ante
515 2650 610 2713 ipsum,
622 2649 759 2714 primoque
771 2650 798 2698 in
809 2650 904 2708 limine,
919 2649 1047 2715 Pyrrhus:

268 2732 376 2780 Exultat
387 2733 454 2791 telis,
467 2742 493 2782 et
505 2733 562 2782 luce
574 2749 697 2782 coruscus
709 2733 799 2782 ae'na.'’

172 2846 307 2900 Additam
320 2864 405 2916 supra
418 2848 537 2902 vidimus
551 2851 571 2903 h
584 2848 712 2913 litteram,
724 2857 752 2903 et
764 2849 857 2902 altena
871 2850 984 2903 tactum.
1021 2849 1067 2902 Sic
1081 2848 1109 2901 in
1123 2847 1169 2902 illo

128 2955 238 3009 quoque
252 2939 368 3010 Vergilii
382 2956 465 2993 versu
478 2939 506 2993 in
520 2941 632 3010 optimis
645 2940 723 2995 libris
736 2941 869 3010 scriptum
882 2941 1056 2994 invenimus:

337 3049 415 3098 “Aut
426 3049 496 3098 foliis
509 3049 606 3099 undam
618 3049 699 3114 tepidi
711 3049 843 3114 dispumat
855 3049 955 3099 aheni.''

169 3177 185 3238 Ι
200 3159 373 3241 consonant
388 3183 445 3241 has
461 3184 513 3241 the
529 3184 630 3242 sound
645 3184 678 3242 of
692 3180 704 3241 i
719 3183 751 3241 in
766 3184 819 3243 the
835 3183 963 3261 English
976 3183 1060 3242 word
1074 3184 1168 3241 ouran.

168 3280 236 3339 The
261 3282 482 3358 grammarians
508 3283 548 3341 all
575 3302 701 3359 express
727 3283 914 3342 themselves
936 3282 968 3341 in
990 3283 1096 3361 nearly
1116 3282 1169 3340 the

127 3398 212 3438 same
227 3390 320 3452 terms
337 3401 371 3442 as
386 3392 418 3440 to
434 3382 474 3441 its
489 3383 665 3441 character:

173 3514 246 3583 [Serg.
258 3523 350 3576 Explan.
360 3526 382 3566 in
392 3525 439 3567 Art.
451 3526 531 3567 Donat.
559 3527 616 3568 Keil.
627 3540 648 3567 v.
660 3528 699 3568 IV.
710 3540 732 3578 p.
743 3516 802 3587 saa]
842 3514 857 3568 Ῑ
875 3523 903 3568 et
917 3530 937 3571 u
953 3514 1045 3566 varias
1065 3512 1172 3567 habent

126 3610 299 3671 potestates:
320 3620 384 3656 nam
405 3614 470 3659 sunt
493 3604 644 3675 aliquando
661 3605 782 3671 vocales,
803 3605 953 3675 aliquando
974 3613 1169 3670 consonantes,

127 3693 278 3763 aliquando
292 3695 408 3762 mediae,
421 3697 572 3767 aliquando
586 3697 662 3762 nihil,
676 3697 826 3767 aliquando
839 3697 1014 3768 digammae,
1020 3696 1184 3761 aliquando

126 3783 259 3854 duplices.
298 3787 420 3842 Vocales
444 3797 510 3845 sunt
533 3789 651 3862 quando
678 3798 732 3845 aut
755 3788 892 3862 singulae
916 3786 1038 3854 positae
1062 3776 1217 3844 &mm
