<?xml version="1.0" encoding="UTF-8"?>
<!DOCTYPE html PUBLIC "-//W3C//DTD XHTML 1.0 Transitional//EN"
    "http://www.w3.org/TR/xhtml1/DTD/xhtml1-transitional.dtd">
<html xmlns="http://www.w3.org/1999/xhtml" xml:lang="en" lang="en">
 <head>
  <title>
</title>
<meta http-equiv="Content-Type" content="text/html;charset=utf-8" />
  <meta name='ocr-system' content='tesseract 3.04.00' />
  <meta name='ocr-capabilities' content='ocr_page ocr_carea ocr_par ocr_line ocrx_word'/>
</head>
<body>
  <div class='ocr_page' id='page_1' title='image "./romanpronunciat00lordgoog/romanpronunciat00lordgoog_0055.png"; bbox 0 0 2596 4124; ppageno 0'>
   <div class='ocr_carea' id='block_1_1' title="bbox 128 361 1057 425">
    <p class='ocr_par' dir='ltr' id='par_1_1' title="bbox 128 361 1057 425">
     <span class='ocr_line' id='line_1_1' title="bbox 128 361 1057 425; baseline -0.001 -14"><span class='ocrx_word' id='word_1_1' title='bbox 128 362 160 411; x_wconf 84' lang='lat'><strong>42</strong></span> <span class='ocrx_word' id='word_1_2' title='bbox 253 362 330 410; x_wconf 82' lang='lat' dir='ltr'><strong>THE</strong></span> <span class='ocrx_word' id='word_1_3' title='bbox 352 361 496 409; x_wconf 84' lang='lat' dir='ltr'><em>ROMAN</em></span> <span class='ocrx_word' id='word_1_4' title='bbox 512 361 843 425; x_wconf 62' lang='lat' dir='ltr'><em>PRONUNCIATION</em></span> <span class='ocrx_word' id='word_1_5' title='bbox 861 362 911 410; x_wconf 90' lang='lat' dir='ltr'><strong>OF</strong></span> <span class='ocrx_word' id='word_1_6' title='bbox 928 362 977 410; x_wconf 83' lang='lat' dir='ltr'><strong>LA</strong></span> <span class='ocrx_word' id='word_1_7' title='bbox 984 361 1057 411; x_wconf 85' lang='lat' dir='ltr'><strong>TIN.</strong></span> 
     </span>
    </p>
   </div>
   <div class='ocr_carea' id='block_1_2' title="bbox 128 526 1176 1329">
    <p class='ocr_par' dir='ltr' id='par_1_2' title="bbox 128 526 1176 1329">
     <span class='ocr_line' id='line_1_2' title="bbox 129 526 1175 596; baseline 0.002 -16"><span class='ocrx_word' id='word_1_8' title='bbox 129 527 291 582; x_wconf 84' lang='lat' dir='ltr'><strong>naturaliter</strong></span> <span class='ocrx_word' id='word_1_9' title='bbox 305 526 397 580; x_wconf 89' lang='lat' dir='ltr'><strong>brevis</strong></span> <span class='ocrx_word' id='word_1_10' title='bbox 411 534 461 580; x_wconf 91' lang='lat' dir='ltr'><strong>est.</strong></span> <span class='ocrx_word' id='word_1_11' title='bbox 503 527 583 594; x_wconf 85' lang='lat' dir='ltr'><strong>Quae</strong></span> <span class='ocrx_word' id='word_1_12' title='bbox 596 543 663 580; x_wconf 88' lang='lat' dir='ltr'><strong>vero</strong></span> <span class='ocrx_word' id='word_1_13' title='bbox 676 526 839 580; x_wconf 87' lang='lat' dir='ltr'><strong>naturaliter</strong></span> <span class='ocrx_word' id='word_1_14' title='bbox 855 526 992 596; x_wconf 88' lang='lat' dir='ltr'><strong>producta</strong></span> <span class='ocrx_word' id='word_1_15' title='bbox 1005 535 1050 580; x_wconf 88' lang='lat' dir='ltr'><strong>est</strong></span> <span class='ocrx_word' id='word_1_16' title='bbox 1060 529 1175 583; x_wconf 88' lang='lat' dir='ltr'><strong>circum-</strong></span> 
     </span>
     <span class='ocr_line' id='line_1_3' title="bbox 128 615 1175 689; baseline 0.002 -18"><span class='ocrx_word' id='word_1_17' title='bbox 128 618 202 672; x_wconf 87' lang='lat' dir='ltr'><strong>flexo</strong></span> <span class='ocrx_word' id='word_1_18' title='bbox 219 625 338 671; x_wconf 87' lang='lat' dir='ltr'><strong>accentu</strong></span> <span class='ocrx_word' id='word_1_19' title='bbox 352 617 533 687; x_wconf 84' lang='lat' dir='ltr'><strong>exprimenda</strong></span> <span class='ocrx_word' id='word_1_20' title='bbox 547 626 590 671; x_wconf 91' lang='lat' dir='ltr'><strong>est</strong></span> <span class='ocrx_word' id='word_1_21' title='bbox 603 625 641 683; x_wconf 93' lang='lat' dir='ltr'><strong>ut,</strong></span> <span class='ocrx_word' id='word_1_22' title='bbox 653 615 708 683; x_wconf 64' lang='lat' dir='ltr'><strong>ris,</strong></span> <span class='ocrx_word' id='word_1_23' title='bbox 719 615 778 682; x_wconf 79' lang='lat' dir='ltr'><strong>dos,</strong></span> <span class='ocrx_word' id='word_1_24' title='bbox 793 615 866 686; x_wconf 64' lang='lat' dir='ltr'><strong>spis.</strong></span> <span class='ocrx_word' id='word_1_25' title='bbox 908 617 1088 689; x_wconf 89' lang='lat' dir='ltr'><strong>Dissyllabae</strong></span> <span class='ocrx_word' id='word_1_26' title='bbox 1107 636 1175 674; x_wconf 90' lang='lat' dir='ltr'><strong>vero</strong></span> 
     </span>
     <span class='ocr_line' id='line_1_4' title="bbox 129 708 1176 780; baseline 0.002 -17"><span class='ocrx_word' id='word_1_27' title='bbox 129 725 201 780; x_wconf 94' lang='lat' dir='ltr'><strong>quae</strong></span> <span class='ocrx_word' id='word_1_28' title='bbox 214 710 335 779; x_wconf 88' lang='lat' dir='ltr'><strong>priorem</strong></span> <span class='ocrx_word' id='word_1_29' title='bbox 344 708 510 778; x_wconf 87' lang='lat' dir='ltr'><strong>productam</strong></span> <span class='ocrx_word' id='word_1_30' title='bbox 524 708 631 762; x_wconf 89' lang='lat' dir='ltr'><strong>habent</strong></span> <span class='ocrx_word' id='word_1_31' title='bbox 644 717 672 762; x_wconf 90' lang='lat' dir='ltr'><strong>et</strong></span> <span class='ocrx_word' id='word_1_32' title='bbox 681 709 864 778; x_wconf 89' lang='lat' dir='ltr'><strong>posteriorem</strong></span> <span class='ocrx_word' id='word_1_33' title='bbox 877 717 1042 778; x_wconf 88' lang='lat' dir='ltr'><strong>correptam,</strong></span> <span class='ocrx_word' id='word_1_34' title='bbox 1052 710 1176 779; x_wconf 88' lang='lat' dir='ltr'><strong>priorem</strong></span> 
     </span>
     <span class='ocr_line' id='line_1_5' title="bbox 128 799 1176 872; baseline 0.003 -18"><span class='ocrx_word' id='word_1_35' title='bbox 128 800 267 872; x_wconf 88' lang='lat' dir='ltr'><strong>syllabam</strong></span> <span class='ocrx_word' id='word_1_36' title='bbox 288 801 515 865; x_wconf 88' lang='lat' dir='ltr'><strong>circumflectunt,</strong></span> <span class='ocrx_word' id='word_1_37' title='bbox 540 809 570 853; x_wconf 92' lang='lat' dir='ltr'><strong>ut</strong></span> <span class='ocrx_word' id='word_1_38' title='bbox 589 799 674 865; x_wconf 68' lang='lat' dir='ltr'><strong>me&#39;ta,</strong></span> <span class='ocrx_word' id='word_1_39' title='bbox 700 799 794 856; x_wconf 61' lang='lat' dir='ltr'><strong>Crito.</strong></span> <span class='ocrx_word' id='word_1_40' title='bbox 835 800 905 854; x_wconf 90' lang='lat' dir='ltr'><strong>lllae</strong></span> <span class='ocrx_word' id='word_1_41' title='bbox 924 817 991 856; x_wconf 87' lang='lat' dir='ltr'><strong>vero</strong></span> <span class='ocrx_word' id='word_1_42' title='bbox 1014 818 1086 871; x_wconf 89' lang='lat' dir='ltr'><strong>quae</strong></span> <span class='ocrx_word' id='word_1_43' title='bbox 1109 810 1176 865; x_wconf 82' lang='lat' dir='ltr'><strong>suut</strong></span> 
     </span>
     <span class='ocr_line' id='line_1_6' title="bbox 128 891 1175 963; baseline 0.002 -18"><span class='ocrx_word' id='word_1_44' title='bbox 128 892 229 946; x_wconf 88' lang='lat' dir='ltr'><strong>ambae</strong></span> <span class='ocrx_word' id='word_1_45' title='bbox 239 892 341 963; x_wconf 86' lang='lat' dir='ltr'><strong>longae</strong></span> <span class='ocrx_word' id='word_1_46' title='bbox 354 892 400 946; x_wconf 91' lang='lat' dir='ltr'><strong>vel</strong></span> <span class='ocrx_word' id='word_1_47' title='bbox 413 892 489 961; x_wconf 92' lang='lat' dir='ltr'><strong>prior</strong></span> <span class='ocrx_word' id='word_1_48' title='bbox 502 891 596 945; x_wconf 88' lang='lat' dir='ltr'><strong>brevis</strong></span> <span class='ocrx_word' id='word_1_49' title='bbox 611 899 639 944; x_wconf 93' lang='lat' dir='ltr'><strong>et</strong></span> <span class='ocrx_word' id='word_1_50' title='bbox 652 891 766 945; x_wconf 90' lang='lat' dir='ltr'><strong>ulterior</strong></span> <span class='ocrx_word' id='word_1_51' title='bbox 778 891 864 961; x_wconf 90' lang='lat' dir='ltr'><strong>longa</strong></span> <span class='ocrx_word' id='word_1_52' title='bbox 877 900 962 946; x_wconf 91' lang='lat' dir='ltr'><strong>acuto</strong></span> <span class='ocrx_word' id='word_1_53' title='bbox 982 902 1100 947; x_wconf 89' lang='lat' dir='ltr'><strong>aecento</strong></span> <span class='ocrx_word' id='word_1_54' title='bbox 1112 911 1175 963; x_wconf 83' lang='lat' dir='ltr'><strong>pro</strong></span> 
     </span>
     <span class='ocr_line' id='line_1_7' title="bbox 128 983 1176 1055; baseline 0.003 -19"><span class='ocrx_word' id='word_1_55' title='bbox 128 983 298 1038; x_wconf 89' lang='lat' dir='ltr'><strong>nuntiandae</strong></span> <span class='ocrx_word' id='word_1_56' title='bbox 325 991 397 1049; x_wconf 77' lang='lat' dir='ltr'><strong>sunt,</strong></span> <span class='ocrx_word' id='word_1_57' title='bbox 420 991 451 1037; x_wconf 93' lang='lat' dir='ltr'><strong>ut</strong></span> <span class='ocrx_word' id='word_1_58' title='bbox 472 985 566 1053; x_wconf 67' lang='lat' dir='ltr'><strong>nepos,</strong></span> <span class='ocrx_word' id='word_1_59' title='bbox 594 984 673 1055; x_wconf 67' lang='lat' dir='ltr'><strong>leges,</strong></span> <span class='ocrx_word' id='word_1_60' title='bbox 701 985 787 1054; x_wconf 64' lang='lat' dir='ltr'><strong>reges.</strong></span> <span class='ocrx_word' id='word_1_61' title='bbox 828 984 892 1036; x_wconf 93' lang='lat' dir='ltr'><strong>Hae</strong></span> <span class='ocrx_word' id='word_1_62' title='bbox 918 1000 985 1037; x_wconf 90' lang='lat' dir='ltr'><strong>vero</strong></span> <span class='ocrx_word' id='word_1_63' title='bbox 1011 1001 1084 1054; x_wconf 90' lang='lat' dir='ltr'><strong>quae</strong></span> <span class='ocrx_word' id='word_1_64' title='bbox 1109 994 1176 1039; x_wconf 90' lang='lat' dir='ltr'><strong>sunt</strong></span> 
     </span>
     <span class='ocr_line' id='line_1_8' title="bbox 129 1075 1174 1145; baseline 0.002 -17"><span class='ocrx_word' id='word_1_65' title='bbox 129 1075 229 1129; x_wconf 92' lang='lat' dir='ltr'><strong>ambae</strong></span> <span class='ocrx_word' id='word_1_66' title='bbox 242 1075 343 1129; x_wconf 90' lang='lat' dir='ltr'><strong>breves</strong></span> <span class='ocrx_word' id='word_1_67' title='bbox 356 1075 482 1129; x_wconf 85' lang='lat' dir='ltr'><strong>similiter</strong></span> <span class='ocrx_word' id='word_1_68' title='bbox 496 1082 579 1128; x_wconf 91' lang='lat' dir='ltr'><strong>acuto</strong></span> <span class='ocrx_word' id='word_1_69' title='bbox 593 1083 712 1128; x_wconf 91' lang='lat' dir='ltr'><strong>accentu</strong></span> <span class='ocrx_word' id='word_1_70' title='bbox 724 1075 909 1145; x_wconf 84' lang='lat' dir='ltr'><strong>proferuntur,</strong></span> <span class='ocrx_word' id='word_1_71' title='bbox 924 1083 955 1128; x_wconf 94' lang='lat' dir='ltr'><strong>ut</strong></span> <span class='ocrx_word' id='word_1_72' title='bbox 967 1075 1063 1141; x_wconf 85' lang='lat' dir='ltr'><strong>bonus,</strong></span> <span class='ocrx_word' id='word_1_73' title='bbox 1078 1077 1174 1130; x_wconf 81' lang='lat' dir='ltr'><strong>melos.</strong></span> 
     </span>
     <span class='ocr_line' id='line_1_9' title="bbox 130 1165 1173 1237; baseline -0.001 -15"><span class='ocrx_word' id='word_1_74' title='bbox 130 1166 187 1222; x_wconf 89' lang='lat' dir='ltr'><strong>Sed</strong></span> <span class='ocrx_word' id='word_1_75' title='bbox 206 1166 361 1221; x_wconf 89' lang='lat' dir='ltr'><strong>notandum</strong></span> <span class='ocrx_word' id='word_1_76' title='bbox 381 1166 458 1236; x_wconf 83' lang='lat' dir='ltr'><strong>quod</strong></span> <span class='ocrx_word' id='word_1_77' title='bbox 474 1166 498 1218; x_wconf 89' lang='lat' dir='ltr'><strong>si</strong></span> <span class='ocrx_word' id='word_1_78' title='bbox 514 1167 589 1235; x_wconf 92' lang='lat' dir='ltr'><strong>prior</strong></span> <span class='ocrx_word' id='word_1_79' title='bbox 601 1166 638 1220; x_wconf 94' lang='lat' dir='ltr'><strong>sit</strong></span> <span class='ocrx_word' id='word_1_80' title='bbox 650 1165 735 1237; x_wconf 91' lang='lat' dir='ltr'><strong>longa</strong></span> <span class='ocrx_word' id='word_1_81' title='bbox 755 1167 893 1235; x_wconf 91' lang='lat' dir='ltr'><strong>positione</strong></span> <span class='ocrx_word' id='word_1_82' title='bbox 911 1183 967 1219; x_wconf 92' lang='lat' dir='ltr'><strong>non</strong></span> <span class='ocrx_word' id='word_1_83' title='bbox 985 1167 1173 1234; x_wconf 85' lang='lat' dir='ltr'><strong>circumflexo,</strong></span> 
     </span>
     <span class='ocr_line' id='line_1_10' title="bbox 128 1256 1175 1329; baseline 0 -17"><span class='ocrx_word' id='word_1_84' title='bbox 128 1259 178 1312; x_wconf 89' lang='lat' dir='ltr'><strong>sed</strong></span> <span class='ocrx_word' id='word_1_85' title='bbox 189 1267 288 1325; x_wconf 75' lang='lat' dir='ltr'><strong>&#39;acut0,</strong></span> <span class='ocrx_word' id='word_1_86' title='bbox 301 1267 421 1313; x_wconf 87' lang='lat' dir='ltr'><strong>accentu</strong></span> <span class='ocrx_word' id='word_1_87' title='bbox 434 1256 641 1327; x_wconf 88' lang='lat' dir='ltr'><strong>pronuntianda</strong></span> <span class='ocrx_word' id='word_1_88' title='bbox 654 1266 704 1323; x_wconf 86' lang='lat' dir='ltr'><strong>est,</strong></span> <span class='ocrx_word' id='word_1_89' title='bbox 719 1266 749 1311; x_wconf 90' lang='lat' dir='ltr'><strong>ut</strong></span> <span class='ocrx_word' id='word_1_90' title='bbox 764 1275 859 1323; x_wconf 85' lang='lat' dir='ltr'><strong>arma,</strong></span> <span class='ocrx_word' id='word_1_91' title='bbox 873 1275 968 1322; x_wconf 84' lang='lat' dir='ltr'><strong>orcus,</strong></span> <span class='ocrx_word' id='word_1_92' title='bbox 985 1275 1063 1328; x_wconf 89' lang='lat' dir='ltr'><strong>quae,</strong></span> <span class='ocrx_word' id='word_1_93' title='bbox 1078 1275 1175 1329; x_wconf 88' lang='lat' dir='ltr'><strong>quam·</strong></span> 
     </span>
    </p>
   </div>
   <div class='ocr_carea' id='block_1_3' title="bbox 46 1347 1175 1420">
    <p class='ocr_par' dir='ltr' id='par_1_3' title="bbox 46 1347 1175 1420">
     <span class='ocr_line' id='line_1_11' title="bbox 46 1347 1175 1420; baseline 0 -17"><span class='ocrx_word' id='word_1_94' title='bbox 46 1393 53 1409; x_wconf 84' lang='lat'><strong>.</strong></span> <span class='ocrx_word' id='word_1_95' title='bbox 127 1350 170 1403; x_wconf 93' lang='lat' dir='ltr'><strong>vis</strong></span> <span class='ocrx_word' id='word_1_96' title='bbox 191 1350 228 1403; x_wconf 90' lang='lat' dir='ltr'><strong>sit</strong></span> <span class='ocrx_word' id='word_1_97' title='bbox 249 1350 333 1420; x_wconf 89' lang='lat' dir='ltr'><strong>longa</strong></span> <span class='ocrx_word' id='word_1_98' title='bbox 355 1349 502 1419; x_wconf 87' lang='lat' dir='ltr'><strong>positione,</strong></span> <span class='ocrx_word' id='word_1_99' title='bbox 524 1356 617 1402; x_wconf 91' lang='lat' dir='ltr'><strong>tamen</strong></span> <span class='ocrx_word' id='word_1_100' title='bbox 637 1347 818 1418; x_wconf 88' lang='lat' dir='ltr'><strong>exprimenda</strong></span> <span class='ocrx_word' id='word_1_101' title='bbox 838 1356 882 1402; x_wconf 92' lang='lat' dir='ltr'><strong>est</strong></span> <span class='ocrx_word' id='word_1_102' title='bbox 901 1348 950 1402; x_wconf 92' lang='lat' dir='ltr'><strong>tali</strong></span> <span class='ocrx_word' id='word_1_103' title='bbox 970 1358 1087 1403; x_wconf 87' lang='lat' dir='ltr'><strong>accentu</strong></span> <span class='ocrx_word' id='word_1_104' title='bbox 1108 1350 1175 1420; x_wconf 90' lang='lat' dir='ltr'><strong>quia</strong></span> 
     </span>
    </p>
   </div>
   <div class='ocr_carea' id='block_1_4' title="bbox 126 1440 1175 2971">
    <p class='ocr_par' dir='ltr' id='par_1_4' title="bbox 128 1440 397 1495">
     <span class='ocr_line' id='line_1_12' title="bbox 128 1440 397 1495; baseline 0 -1"><span class='ocrx_word' id='word_1_105' title='bbox 128 1458 185 1495; x_wconf 92' lang='lat' dir='ltr'><strong>non</strong></span> <span class='ocrx_word' id='word_1_106' title='bbox 198 1450 242 1495; x_wconf 87' lang='lat' dir='ltr'><strong>est</strong></span> <span class='ocrx_word' id='word_1_107' title='bbox 254 1440 397 1495; x_wconf 90' lang='lat' dir='ltr'><strong>naturalis.</strong></span> 
     </span>
    </p>

    <p class='ocr_par' dir='ltr' id='par_1_5' title="bbox 126 1531 1175 2971">
     <span class='ocr_line' id='line_1_13' title="bbox 175 1531 1175 1604; baseline 0.002 -19"><span class='ocrx_word' id='word_1_108' title='bbox 175 1532 352 1604; x_wconf 89' lang='lat' dir='ltr'><strong>Trisyllabae</strong></span> <span class='ocrx_word' id='word_1_109' title='bbox 372 1548 493 1602; x_wconf 92' lang='lat' dir='ltr'><strong>namque</strong></span> <span class='ocrx_word' id='word_1_110' title='bbox 507 1540 535 1586; x_wconf 92' lang='lat' dir='ltr'><strong>et</strong></span> <span class='ocrx_word' id='word_1_111' title='bbox 547 1531 744 1604; x_wconf 87' lang='lat' dir='ltr'><strong>tetrasyllabae</strong></span> <span class='ocrx_word' id='word_1_112' title='bbox 764 1533 822 1586; x_wconf 90' lang='lat' dir='ltr'><strong>sive</strong></span> <span class='ocrx_word' id='word_1_113' title='bbox 842 1532 982 1601; x_wconf 91' lang='lat' dir='ltr'><strong>deinceps,</strong></span> <span class='ocrx_word' id='word_1_114' title='bbox 998 1532 1022 1585; x_wconf 90' lang='lat' dir='ltr'><strong>si</strong></span> <span class='ocrx_word' id='word_1_115' title='bbox 1033 1533 1175 1602; x_wconf 90' lang='lat' dir='ltr'><strong>paenulti-</strong></span> 
     </span>
     <span class='ocr_line' id='line_1_14' title="bbox 128 1623 1174 1693; baseline 0.002 -17"><span class='ocrx_word' id='word_1_116' title='bbox 128 1640 203 1677; x_wconf 91' lang='lat' dir='ltr'><strong>mam</strong></span> <span class='ocrx_word' id='word_1_117' title='bbox 223 1632 380 1692; x_wconf 87' lang='lat' dir='ltr'><strong>correptam</strong></span> <span class='ocrx_word' id='word_1_118' title='bbox 399 1623 556 1688; x_wconf 70' lang='lat' dir='ltr'><strong>habuerint,</strong></span> <span class='ocrx_word' id='word_1_119' title='bbox 571 1624 837 1692; x_wconf 88' lang='lat' dir='ltr'><strong>antepaenultimam</strong></span> <span class='ocrx_word' id='word_1_120' title='bbox 851 1631 934 1677; x_wconf 90' lang='lat' dir='ltr'><strong>acuto</strong></span> <span class='ocrx_word' id='word_1_121' title='bbox 947 1632 1065 1677; x_wconf 88' lang='lat' dir='ltr'><strong>accentu</strong></span> <span class='ocrx_word' id='word_1_122' title='bbox 1083 1625 1174 1693; x_wconf 82' lang='lat' dir='ltr'><strong>prole·</strong></span> 
     </span>
     <span class='ocr_line' id='line_1_15' title="bbox 128 1714 1174 1786; baseline 0.001 -19"><span class='ocrx_word' id='word_1_123' title='bbox 128 1724 199 1780; x_wconf 92' lang='lat' dir='ltr'><strong>runt,</strong></span> <span class='ocrx_word' id='word_1_124' title='bbox 215 1723 245 1768; x_wconf 94' lang='lat' dir='ltr'><strong>ut</strong></span> <span class='ocrx_word' id='word_1_125' title='bbox 261 1717 289 1769; x_wconf 88' lang='grc' dir='ltr'><em>Τ</em></span> <span class='ocrx_word' id='word_1_126' title='bbox 286 1715 386 1780; x_wconf 63' lang='lat' dir='ltr'><strong>fillius,</strong></span> <span class='ocrx_word' id='word_1_127' title='bbox 405 1715 563 1768; x_wconf 70' lang='lat' dir='ltr'><strong>Hostilius.</strong></span> <span class='ocrx_word' id='word_1_128' title='bbox 605 1715 680 1766; x_wconf 91' lang='lat' dir='ltr'><strong>Nam</strong></span> <span class='ocrx_word' id='word_1_129' title='bbox 694 1714 871 1783; x_wconf 90' lang='lat' dir='ltr'><strong>paenultima,</strong></span> <span class='ocrx_word' id='word_1_130' title='bbox 887 1715 911 1767; x_wconf 89' lang='lat' dir='ltr'><strong>si</strong></span> <span class='ocrx_word' id='word_1_131' title='bbox 929 1715 1068 1784; x_wconf 90' lang='lat' dir='ltr'><strong>positione</strong></span> <span class='ocrx_word' id='word_1_132' title='bbox 1088 1715 1174 1786; x_wconf 90' lang='lat' dir='ltr'><strong>longa</strong></span> 
     </span>
     <span class='ocr_line' id='line_1_16' title="bbox 127 1805 1172 1876; baseline 0 -17"><span class='ocrx_word' id='word_1_133' title='bbox 127 1806 218 1872; x_wconf 85' lang='lat' dir='ltr'><strong>fuerit,</strong></span> <span class='ocrx_word' id='word_1_134' title='bbox 246 1814 367 1872; x_wconf 89' lang='lat' dir='ltr'><strong>acuetur,</strong></span> <span class='ocrx_word' id='word_1_135' title='bbox 400 1806 638 1876; x_wconf 89' lang='lat' dir='ltr'><strong>antepaenultima</strong></span> <span class='ocrx_word' id='word_1_136' title='bbox 667 1822 734 1859; x_wconf 92' lang='lat' dir='ltr'><strong>vero</strong></span> <span class='ocrx_word' id='word_1_137' title='bbox 763 1805 934 1876; x_wconf 86' lang='lat' dir='ltr'><strong>gravabitur,</strong></span> <span class='ocrx_word' id='word_1_138' title='bbox 966 1813 996 1860; x_wconf 90' lang='lat' dir='ltr'><strong>ut</strong></span> <span class='ocrx_word' id='word_1_139' title='bbox 1028 1807 1172 1873; x_wconf 67' lang='lat' dir='ltr'><strong>Catrillus,</strong></span> 
     </span>
     <span class='ocr_line' id='line_1_17' title="bbox 127 1895 1174 1967; baseline 0 -17"><span class='ocrx_word' id='word_1_140' title='bbox 127 1897 272 1951; x_wconf 66' lang='lat' dir='ltr'><strong>Metellus.</strong></span> <span class='ocrx_word' id='word_1_141' title='bbox 314 1898 344 1951; x_wconf 92' lang='lat' dir='ltr'><strong>Si</strong></span> <span class='ocrx_word' id='word_1_142' title='bbox 364 1914 430 1950; x_wconf 92' lang='lat' dir='ltr'><strong>vero</strong></span> <span class='ocrx_word' id='word_1_143' title='bbox 451 1914 485 1950; x_wconf 84' lang='lat' dir='ltr'><strong>ex</strong></span> <span class='ocrx_word' id='word_1_144' title='bbox 504 1905 583 1950; x_wconf 89' lang='lat' dir='ltr'><strong>muta</strong></span> <span class='ocrx_word' id='word_1_145' title='bbox 603 1905 631 1950; x_wconf 94' lang='lat' dir='ltr'><strong>et</strong></span> <span class='ocrx_word' id='word_1_146' title='bbox 651 1895 757 1966; x_wconf 91' lang='lat' dir='ltr'><strong>liquida</strong></span> <span class='ocrx_word' id='word_1_147' title='bbox 776 1897 861 1967; x_wconf 87' lang='lat' dir='ltr'><strong>longa</strong></span> <span class='ocrx_word' id='word_1_148' title='bbox 881 1897 909 1950; x_wconf 94' lang='lat' dir='ltr'><strong>in</strong></span> <span class='ocrx_word' id='word_1_149' title='bbox 928 1914 1011 1950; x_wconf 89' lang='lat' dir='ltr'><strong>versu</strong></span> <span class='ocrx_word' id='word_1_150' title='bbox 1031 1914 1093 1951; x_wconf 89' lang='lat' dir='ltr'><strong>esse</strong></span> <span class='ocrx_word' id='word_1_151' title='bbox 1109 1914 1174 1952; x_wconf 91' lang='lat' dir='ltr'><strong>con·</strong></span> 
     </span>
     <span class='ocr_line' id='line_1_18' title="bbox 128 1989 1172 2059; baseline 0 -16"><span class='ocrx_word' id='word_1_152' title='bbox 128 1997 192 2054; x_wconf 73' lang='lat' dir='ltr'><strong>stat,</strong></span> <span class='ocrx_word' id='word_1_153' title='bbox 213 1989 241 2041; x_wconf 91' lang='lat' dir='ltr'><strong>in</strong></span> <span class='ocrx_word' id='word_1_154' title='bbox 263 1989 388 2048; x_wconf 87' lang='lat' dir='ltr'><strong>oratione</strong></span> <span class='ocrx_word' id='word_1_155' title='bbox 410 2005 521 2059; x_wconf 92' lang='lat' dir='ltr'><strong>quoque</strong></span> <span class='ocrx_word' id='word_1_156' title='bbox 543 1996 690 2042; x_wconf 88' lang='lat' dir='ltr'><strong>accentum</strong></span> <span class='ocrx_word' id='word_1_157' title='bbox 712 1996 809 2054; x_wconf 87' lang='lat' dir='ltr'><strong>mutat,</strong></span> <span class='ocrx_word' id='word_1_158' title='bbox 830 1996 863 2058; x_wconf 86' lang='lat' dir='ltr'><strong>ut¹</strong></span> <span class='ocrx_word' id='word_1_159' title='bbox 881 1989 1014 2054; x_wconf 63' lang='lat' dir='ltr'><strong>latebrae,</strong></span> <span class='ocrx_word' id='word_1_160' title='bbox 1034 1990 1172 2043; x_wconf 67' lang='lat' dir='ltr'><strong>tenebrae.</strong></span> 
     </span>
     <span class='ocr_line' id='line_1_19' title="bbox 129 2079 1174 2151; baseline 0 -17"><span class='ocrx_word' id='word_1_161' title='bbox 129 2079 246 2151; x_wconf 88' lang='lat' dir='ltr'><strong>Syllaba</strong></span> <span class='ocrx_word' id='word_1_162' title='bbox 271 2096 337 2140; x_wconf 88' lang='lat' dir='ltr'><strong>vero</strong></span> <span class='ocrx_word' id='word_1_163' title='bbox 364 2079 468 2146; x_wconf 90' lang='lat' dir='ltr'><strong>ultima,</strong></span> <span class='ocrx_word' id='word_1_164' title='bbox 496 2080 521 2132; x_wconf 90' lang='lat' dir='ltr'><strong>si</strong></span> <span class='ocrx_word' id='word_1_165' title='bbox 546 2079 640 2133; x_wconf 90' lang='lat' dir='ltr'><strong>brevis</strong></span> <span class='ocrx_word' id='word_1_166' title='bbox 666 2080 703 2132; x_wconf 92' lang='lat' dir='ltr'><strong>sit</strong></span> <span class='ocrx_word' id='word_1_167' title='bbox 728 2087 756 2133; x_wconf 93' lang='lat' dir='ltr'><strong>et</strong></span> <span class='ocrx_word' id='word_1_168' title='bbox 781 2079 981 2148; x_wconf 89' lang='lat' dir='ltr'><strong>paenultimam</strong></span> <span class='ocrx_word' id='word_1_169' title='bbox 1012 2079 1174 2134; x_wconf 90' lang='lat' dir='ltr'><strong>naturaliter</strong></span> 
     </span>
     <span class='ocr_line' id='line_1_20' title="bbox 127 2169 1172 2244; baseline 0.002 -21"><span class='ocrx_word' id='word_1_170' title='bbox 127 2170 242 2241; x_wconf 92' lang='lat' dir='ltr'><strong>longam</strong></span> <span class='ocrx_word' id='word_1_171' title='bbox 265 2170 395 2224; x_wconf 88' lang='lat' dir='ltr'><strong>habuerit</strong></span> <span class='ocrx_word' id='word_1_172' title='bbox 418 2171 507 2239; x_wconf 91' lang='lat' dir='ltr'><strong>ipsam</strong></span> <span class='ocrx_word' id='word_1_173' title='bbox 526 2170 727 2239; x_wconf 88' lang='lat' dir='ltr'><strong>paenultimam</strong></span> <span class='ocrx_word' id='word_1_174' title='bbox 751 2170 951 2238; x_wconf 88' lang='lat' dir='ltr'><strong>circumflectit,</strong></span> <span class='ocrx_word' id='word_1_175' title='bbox 973 2179 1004 2224; x_wconf 91' lang='lat' dir='ltr'><strong>ut</strong></span> <span class='ocrx_word' id='word_1_176' title='bbox 1026 2169 1172 2244; x_wconf 57' lang='lat' dir='ltr'><strong>Cethegus,</strong></span> 
     </span>
     <span class='ocr_line' id='line_1_21' title="bbox 129 2249 1173 2333; baseline 0.001 -18"><span class='ocrx_word' id='word_1_177' title='bbox 129 2260 262 2333; x_wconf 71' lang='lat' dir='ltr'><strong>perosus.</strong></span> <span class='ocrx_word' id='word_1_178' title='bbox 301 2261 409 2316; x_wconf 89' lang='lat' dir='ltr'><strong>Ultima</strong></span> <span class='ocrx_word' id='word_1_179' title='bbox 421 2278 540 2332; x_wconf 89' lang='lat' dir='ltr'><strong>quoque,</strong></span> <span class='ocrx_word' id='word_1_180' title='bbox 555 2249 755 2314; x_wconf 85' lang='lat' dir='ltr'><strong>sinaturaliter</strong></span> <span class='ocrx_word' id='word_1_181' title='bbox 767 2260 853 2332; x_wconf 90' lang='lat' dir='ltr'><strong>longa</strong></span> <span class='ocrx_word' id='word_1_182' title='bbox 865 2262 957 2327; x_wconf 83' lang='lat' dir='ltr'><strong>luerit,</strong></span> <span class='ocrx_word' id='word_1_183' title='bbox 972 2262 1173 2331; x_wconf 88' lang='lat' dir='ltr'><strong>paenultimam</strong></span> 
     </span>
     <span class='ocr_line' id='line_1_22' title="bbox 128 2352 1174 2423; baseline 0.002 -17"><span class='ocrx_word' id='word_1_184' title='bbox 128 2362 217 2420; x_wconf 86' lang='lat' dir='ltr'><strong>acuet,</strong></span> <span class='ocrx_word' id='word_1_185' title='bbox 232 2353 415 2418; x_wconf 76' lang='lat' dir='ltr'><strong>utAtlrlnoe‚</strong></span> <span class='ocrx_word' id='word_1_186' title='bbox 429 2355 575 2423; x_wconf 64' lang='lat' dir='ltr'><strong>Mycenae.</strong></span> <span class='ocrx_word' id='word_1_187' title='bbox 616 2352 663 2406; x_wconf 86' lang='lat' dir='ltr'><strong>Ad</strong></span> <span class='ocrx_word' id='word_1_188' title='bbox 683 2352 755 2406; x_wconf 89' lang='lat' dir='ltr'><strong>hanc</strong></span> <span class='ocrx_word' id='word_1_189' title='bbox 777 2361 870 2406; x_wconf 91' lang='lat' dir='ltr'><strong>autem</strong></span> <span class='ocrx_word' id='word_1_190' title='bbox 882 2370 941 2406; x_wconf 93' lang='lat' dir='ltr'><strong>rem</strong></span> <span class='ocrx_word' id='word_1_191' title='bbox 960 2354 1029 2406; x_wconf 90' lang='lat' dir='ltr'><strong>arsis</strong></span> <span class='ocrx_word' id='word_1_192' title='bbox 1045 2361 1074 2406; x_wconf 94' lang='lat' dir='ltr'><strong>et</strong></span> <span class='ocrx_word' id='word_1_193' title='bbox 1086 2353 1174 2408; x_wconf 90' lang='lat' dir='ltr'><strong>thesis</strong></span> 
     </span>
     <span class='ocr_line' id='line_1_23' title="bbox 127 2444 1174 2515; baseline 0 -17"><span class='ocrx_word' id='word_1_194' title='bbox 127 2445 310 2498; x_wconf 87' lang='lat' dir='ltr'><strong>necessariae.</strong></span> <span class='ocrx_word' id='word_1_195' title='bbox 351 2446 427 2496; x_wconf 85' lang='lat' dir='ltr'><strong>Nam</strong></span> <span class='ocrx_word' id='word_1_196' title='bbox 450 2444 478 2496; x_wconf 88' lang='lat' dir='ltr'><strong>in</strong></span> <span class='ocrx_word' id='word_1_197' title='bbox 501 2461 669 2515; x_wconf 90' lang='lat' dir='ltr'><strong>unaquaque</strong></span> <span class='ocrx_word' id='word_1_198' title='bbox 692 2452 772 2514; x_wconf 91' lang='lat' dir='ltr'><strong>parte</strong></span> <span class='ocrx_word' id='word_1_199' title='bbox 795 2445 920 2498; x_wconf 92' lang='lat' dir='ltr'><strong>oratione</strong></span> <span class='ocrx_word' id='word_1_200' title='bbox 944 2445 1014 2497; x_wconf 89' lang='lat' dir='ltr'><strong>arsis</strong></span> <span class='ocrx_word' id='word_1_201' title='bbox 1037 2453 1065 2498; x_wconf 88' lang='lat' dir='ltr'><strong>et</strong></span> <span class='ocrx_word' id='word_1_202' title='bbox 1086 2444 1174 2498; x_wconf 93' lang='lat' dir='ltr'><strong>thesis</strong></span> 
     </span>
     <span class='ocr_line' id='line_1_24' title="bbox 127 2535 1173 2607; baseline 0 -17"><span class='ocrx_word' id='word_1_203' title='bbox 127 2545 200 2602; x_wconf 84' lang='lat' dir='ltr'><strong>sunt,</strong></span> <span class='ocrx_word' id='word_1_204' title='bbox 221 2553 277 2590; x_wconf 90' lang='lat' dir='ltr'><strong>non</strong></span> <span class='ocrx_word' id='word_1_205' title='bbox 298 2537 326 2589; x_wconf 93' lang='lat' dir='ltr'><strong>in</strong></span> <span class='ocrx_word' id='word_1_206' title='bbox 349 2536 446 2590; x_wconf 87' lang='lat' dir='ltr'><strong>ordine</strong></span> <span class='ocrx_word' id='word_1_207' title='bbox 469 2535 648 2607; x_wconf 89' lang='lat' dir='ltr'><strong>syllabarum,</strong></span> <span class='ocrx_word' id='word_1_208' title='bbox 669 2535 719 2589; x_wconf 91' lang='lat' dir='ltr'><strong>sed</strong></span> <span class='ocrx_word' id='word_1_209' title='bbox 741 2536 771 2589; x_wconf 92' lang='lat' dir='ltr'><strong>in</strong></span> <span class='ocrx_word' id='word_1_210' title='bbox 789 2536 1028 2606; x_wconf 89' lang='lat' dir='ltr'><strong>pronuntiatione:</strong></span> <span class='ocrx_word' id='word_1_211' title='bbox 1049 2536 1125 2591; x_wconf 92' lang='lat' dir='ltr'><strong>velut</strong></span> <span class='ocrx_word' id='word_1_212' title='bbox 1144 2537 1173 2590; x_wconf 92' lang='lat' dir='ltr'><strong>in</strong></span> 
     </span>
     <span class='ocr_line' id='line_1_25' title="bbox 127 2627 1174 2698; baseline 0 -18"><span class='ocrx_word' id='word_1_213' title='bbox 127 2628 180 2682; x_wconf 93' lang='lat' dir='ltr'><strong>hac</strong></span> <span class='ocrx_word' id='word_1_214' title='bbox 200 2636 280 2698; x_wconf 91' lang='lat' dir='ltr'><strong>parte</strong></span> <span class='ocrx_word' id='word_1_215' title='bbox 299 2635 417 2693; x_wconf 81' lang='lat' dir='ltr'><strong>natura,</strong></span> <span class='ocrx_word' id='word_1_216' title='bbox 433 2635 463 2681; x_wconf 92' lang='lat' dir='ltr'><strong>ut</strong></span> <span class='ocrx_word' id='word_1_217' title='bbox 476 2627 589 2698; x_wconf 89' lang='lat' dir='ltr'><strong>quando</strong></span> <span class='ocrx_word' id='word_1_218' title='bbox 610 2627 674 2681; x_wconf 93' lang='lat' dir='ltr'><strong>dico</strong></span> <span class='ocrx_word' id='word_1_219' title='bbox 694 2635 767 2681; x_wconf 81' lang='lat' dir='ltr'><strong>natu</strong></span> <span class='ocrx_word' id='word_1_220' title='bbox 788 2627 911 2681; x_wconf 90' lang='lat' dir='ltr'><strong>elevatur</strong></span> <span class='ocrx_word' id='word_1_221' title='bbox 924 2644 986 2693; x_wconf 85' lang='lat' dir='ltr'><strong>vox,</strong></span> <span class='ocrx_word' id='word_1_222' title='bbox 1002 2635 1030 2681; x_wconf 92' lang='lat' dir='ltr'><strong>et</strong></span> <span class='ocrx_word' id='word_1_223' title='bbox 1044 2636 1086 2680; x_wconf 92' lang='lat' dir='ltr'><strong>est</strong></span> <span class='ocrx_word' id='word_1_224' title='bbox 1102 2628 1174 2681; x_wconf 92' lang='lat' dir='ltr'><strong>arsis</strong></span> 
     </span>
     <span class='ocr_line' id='line_1_26' title="bbox 127 2718 1172 2790; baseline 0 -18"><span class='ocrx_word' id='word_1_225' title='bbox 127 2719 216 2785; x_wconf 83' lang='lat' dir='ltr'><strong>intus3</strong></span> <span class='ocrx_word' id='word_1_226' title='bbox 237 2719 427 2790; x_wconf 89' lang='lat' dir='ltr'><strong>quandovero</strong></span> <span class='ocrx_word' id='word_1_227' title='bbox 441 2719 565 2788; x_wconf 90' lang='lat' dir='ltr'><strong>sequitur</strong></span> <span class='ocrx_word' id='word_1_228' title='bbox 579 2736 614 2772; x_wconf 87' lang='lat' dir='ltr'><strong>ro</strong></span> <span class='ocrx_word' id='word_1_229' title='bbox 628 2735 683 2772; x_wconf 89' lang='lat' dir='ltr'><strong>vox</strong></span> <span class='ocrx_word' id='word_1_230' title='bbox 697 2719 852 2788; x_wconf 87' lang='lat' dir='ltr'><strong>deponitur,</strong></span> <span class='ocrx_word' id='word_1_231' title='bbox 863 2727 892 2772; x_wconf 91' lang='lat' dir='ltr'><strong>et</strong></span> <span class='ocrx_word' id='word_1_232' title='bbox 904 2727 948 2772; x_wconf 92' lang='lat' dir='ltr'><strong>est</strong></span> <span class='ocrx_word' id='word_1_233' title='bbox 958 2719 1044 2772; x_wconf 89' lang='lat' dir='ltr'><strong>thesis</strong></span> <span class='ocrx_word' id='word_1_234' title='bbox 1058 2718 1172 2773; x_wconf 81' lang='lat' dir='ltr'><strong>deforis.</strong></span> 
     </span>
     <span class='ocr_line' id='line_1_27' title="bbox 128 2809 1174 2880; baseline -0.001 -16"><span class='ocrx_word' id='word_1_235' title='bbox 128 2812 269 2878; x_wconf 83' lang='lat' dir='ltr'><strong>Quantum</strong></span> <span class='ocrx_word' id='word_1_236' title='bbox 291 2819 384 2864; x_wconf 89' lang='lat' dir='ltr'><strong>autem</strong></span> <span class='ocrx_word' id='word_1_237' title='bbox 403 2809 581 2879; x_wconf 88' lang='lat' dir='ltr'><strong>suspenditur</strong></span> <span class='ocrx_word' id='word_1_238' title='bbox 594 2827 649 2869; x_wconf 82' lang='lat' dir='ltr'><strong>vox</strong></span> <span class='ocrx_word' id='word_1_239' title='bbox 662 2827 712 2880; x_wconf 91' lang='lat' dir='ltr'><strong>per</strong></span> <span class='ocrx_word' id='word_1_240' title='bbox 725 2811 800 2863; x_wconf 89' lang='lat' dir='ltr'><strong>arsin</strong></span> <span class='ocrx_word' id='word_1_241' title='bbox 814 2818 923 2864; x_wconf 85' lang='lat' dir='ltr'><strong>tantmn</strong></span> <span class='ocrx_word' id='word_1_242' title='bbox 943 2809 1105 2879; x_wconf 89' lang='lat' dir='ltr'><strong>deprimitur</strong></span> <span class='ocrx_word' id='word_1_243' title='bbox 1123 2827 1174 2880; x_wconf 91' lang='lat' dir='ltr'><strong>per</strong></span> 
     </span>
     <span class='ocr_line' id='line_1_28' title="bbox 126 2901 1173 2971; baseline 0 -15"><span class='ocrx_word' id='word_1_244' title='bbox 126 2902 225 2956; x_wconf 89' lang='lat' dir='ltr'><strong>thesin.</strong></span> <span class='ocrx_word' id='word_1_245' title='bbox 267 2901 324 2956; x_wconf 90' lang='lat' dir='ltr'><strong>Sed</strong></span> <span class='ocrx_word' id='word_1_246' title='bbox 338 2902 399 2970; x_wconf 88' lang='lat' dir='ltr'><strong>ipsa</strong></span> <span class='ocrx_word' id='word_1_247' title='bbox 412 2918 467 2954; x_wconf 86' lang='lat' dir='ltr'><strong>vox</strong></span> <span class='ocrx_word' id='word_1_248' title='bbox 480 2918 552 2971; x_wconf 91' lang='lat' dir='ltr'><strong>quae</strong></span> <span class='ocrx_word' id='word_1_249' title='bbox 565 2918 616 2968; x_wconf 92' lang='lat' dir='ltr'><strong>per</strong></span> <span class='ocrx_word' id='word_1_250' title='bbox 629 2901 766 2955; x_wconf 89' lang='lat' dir='ltr'><strong>dictiones</strong></span> <span class='ocrx_word' id='word_1_251' title='bbox 779 2902 916 2955; x_wconf 82' lang='lat' dir='ltr'><strong>formatur</strong></span> <span class='ocrx_word' id='word_1_252' title='bbox 928 2901 1018 2955; x_wconf 90' lang='lat' dir='ltr'><strong>donec</strong></span> <span class='ocrx_word' id='word_1_253' title='bbox 1039 2909 1173 2956; x_wconf 90' lang='lat' dir='ltr'><strong>accentus</strong></span> 
     </span>
    </p>
   </div>
   <div class='ocr_carea' id='block_1_5' title="bbox 44 2992 1174 3063">
    <p class='ocr_par' dir='ltr' id='par_1_6' title="bbox 44 2992 1174 3063">
     <span class='ocr_line' id='line_1_29' title="bbox 44 2992 1174 3063; baseline 0.001 -17"><span class='ocrx_word' id='word_1_254' title='bbox 44 3029 46 3033; x_wconf 60' lang='grc'><strong><em>«</em></strong></span> <span class='ocrx_word' id='word_1_255' title='bbox 126 2993 286 3062; x_wconf 88' lang='lat' dir='ltr'><strong>perficiatur</strong></span> <span class='ocrx_word' id='word_1_256' title='bbox 299 2993 327 3045; x_wconf 90' lang='lat' dir='ltr'><strong>in</strong></span> <span class='ocrx_word' id='word_1_257' title='bbox 342 2993 416 3045; x_wconf 89' lang='lat' dir='ltr'><strong>arsin</strong></span> <span class='ocrx_word' id='word_1_258' title='bbox 432 2992 588 3061; x_wconf 90' lang='lat' dir='ltr'><strong>deputatur,</strong></span> <span class='ocrx_word' id='word_1_259' title='bbox 603 3008 676 3063; x_wconf 89' lang='lat' dir='ltr'><strong>quae</strong></span> <span class='ocrx_word' id='word_1_260' title='bbox 693 3001 786 3046; x_wconf 89' lang='lat' dir='ltr'><strong>autem</strong></span> <span class='ocrx_word' id='word_1_261' title='bbox 804 3001 869 3062; x_wconf 91' lang='lat' dir='ltr'><strong>post</strong></span> <span class='ocrx_word' id='word_1_262' title='bbox 882 3001 1029 3047; x_wconf 89' lang='lat' dir='ltr'><strong>accentum</strong></span> <span class='ocrx_word' id='word_1_263' title='bbox 1048 2992 1174 3062; x_wconf 90' lang='lat' dir='ltr'><strong>sequitur</strong></span> 
     </span>
    </p>
   </div>
   <div class='ocr_carea' id='block_1_6' title="bbox 126 3084 267 3138">
    <p class='ocr_par' dir='ltr' id='par_1_7' title="bbox 126 3084 267 3138">
     <span class='ocr_line' id='line_1_30' title="bbox 126 3084 267 3138; baseline 0.007 -1"><span class='ocrx_word' id='word_1_264' title='bbox 126 3085 155 3137; x_wconf 93' lang='lat' dir='ltr'><strong>in</strong></span> <span class='ocrx_word' id='word_1_265' title='bbox 168 3084 267 3138; x_wconf 90' lang='lat' dir='ltr'><strong>thesin.</strong></span> 
     </span>
    </p>
   </div>
   <div class='ocr_carea' id='block_1_7' title="bbox 125 3218 1221 3810">
    <p class='ocr_par' dir='ltr' id='par_1_8' title="bbox 125 3218 1221 3810">
     <span class='ocr_line' id='line_1_31' title="bbox 169 3218 1197 3300; baseline 0.001 -19"><span class='ocrx_word' id='word_1_266' title='bbox 169 3226 206 3281; x_wconf 93' lang='lat' dir='ltr'><strong>In</strong></span> <span class='ocrx_word' id='word_1_267' title='bbox 229 3223 281 3282; x_wconf 90' lang='lat' dir='ltr'><strong>the</strong></span> <span class='ocrx_word' id='word_1_268' title='bbox 304 3231 415 3282; x_wconf 92' lang='lat' dir='ltr'><strong>matter</strong></span> <span class='ocrx_word' id='word_1_269' title='bbox 429 3224 463 3282; x_wconf 82' lang='lat' dir='ltr'><strong>of</strong></span> <span class='ocrx_word' id='word_1_270' title='bbox 479 3223 659 3300; x_wconf 90' lang='lat' dir='ltr'><strong>exceptions</strong></span> <span class='ocrx_word' id='word_1_271' title='bbox 679 3233 711 3282; x_wconf 91' lang='lat' dir='ltr'><strong>to</strong></span> <span class='ocrx_word' id='word_1_272' title='bbox 731 3224 784 3282; x_wconf 93' lang='lat' dir='ltr'><strong>the</strong></span> <span class='ocrx_word' id='word_1_273' title='bbox 803 3224 868 3282; x_wconf 90' lang='lat' dir='ltr'><strong>rule</strong></span> <span class='ocrx_word' id='word_1_274' title='bbox 888 3223 955 3283; x_wconf 92' lang='lat' dir='ltr'><strong>that</strong></span> <span class='ocrx_word' id='word_1_275' title='bbox 970 3231 1081 3282; x_wconf 90' lang='lat' dir='ltr'><strong>accent</strong></span> <span class='ocrx_word' id='word_1_276' title='bbox 1096 3223 1172 3282; x_wconf 92' lang='lat' dir='ltr'><strong>does</strong></span> <span class='ocrx_word' id='word_1_277' title='bbox 1193 3218 1197 3226; x_wconf 83' lang='lat'>&#39;</span> 
     </span>
     <span class='ocr_line' id='line_1_32' title="bbox 127 3322 1172 3400; baseline -0.001 -18"><span class='ocrx_word' id='word_1_278' title='bbox 127 3332 181 3382; x_wconf 93' lang='lat' dir='ltr'><strong>not</strong></span> <span class='ocrx_word' id='word_1_279' title='bbox 195 3323 251 3381; x_wconf 81' lang='lat' dir='ltr'><strong>tall</strong></span> <span class='ocrx_word' id='word_1_280' title='bbox 266 3342 306 3382; x_wconf 93' lang='lat' dir='ltr'><strong>on</strong></span> <span class='ocrx_word' id='word_1_281' title='bbox 318 3324 371 3382; x_wconf 91' lang='lat' dir='ltr'><strong>the</strong></span> <span class='ocrx_word' id='word_1_282' title='bbox 386 3323 535 3396; x_wconf 92' lang='lat' dir='ltr'><strong>ultimate,</strong></span> <span class='ocrx_word' id='word_1_283' title='bbox 549 3341 593 3381; x_wconf 90' lang='lat' dir='ltr'><strong>we</strong></span> <span class='ocrx_word' id='word_1_284' title='bbox 605 3323 670 3381; x_wconf 88' lang='lat' dir='ltr'><strong>find</strong></span> <span class='ocrx_word' id='word_1_285' title='bbox 687 3342 705 3380; x_wconf 92' lang='lat' dir='ltr'><strong>a</strong></span> <span class='ocrx_word' id='word_1_286' title='bbox 719 3323 887 3382; x_wconf 90' lang='lat' dir='ltr'><strong>somewhat</strong></span> <span class='ocrx_word' id='word_1_287' title='bbox 899 3323 977 3382; x_wconf 90' lang='lat' dir='ltr'><strong>wide</strong></span> <span class='ocrx_word' id='word_1_288' title='bbox 988 3322 1172 3400; x_wconf 89' lang='lat' dir='ltr'><strong>divergence</strong></span> 
     </span>
     <span class='ocr_line' id='line_1_33' title="bbox 126 3421 1172 3499; baseline 0 -18"><span class='ocrx_word' id='word_1_289' title='bbox 126 3423 160 3481; x_wconf 83' lang='lat' dir='ltr'><strong>of</strong></span> <span class='ocrx_word' id='word_1_290' title='bbox 180 3421 307 3498; x_wconf 89' lang='lat' dir='ltr'><strong>opinion</strong></span> <span class='ocrx_word' id='word_1_291' title='bbox 331 3441 444 3499; x_wconf 88' lang='lat' dir='ltr'><strong>among</strong></span> <span class='ocrx_word' id='word_1_292' title='bbox 465 3423 517 3481; x_wconf 92' lang='lat' dir='ltr'><strong>the</strong></span> <span class='ocrx_word' id='word_1_293' title='bbox 543 3422 774 3499; x_wconf 90' lang='lat' dir='ltr'><strong>grammarians.</strong></span> <span class='ocrx_word' id='word_1_294' title='bbox 821 3424 912 3481; x_wconf 90' lang='lat' dir='ltr'><strong>Some</strong></span> <span class='ocrx_word' id='word_1_295' title='bbox 938 3422 1077 3481; x_wconf 77' lang='lat' dir='ltr'><strong>orthem</strong></span> <span class='ocrx_word' id='word_1_296' title='bbox 1101 3421 1172 3499; x_wconf 84' lang='lat' dir='ltr'><strong>give</strong></span> 
     </span>
     <span class='ocr_line' id='line_1_34' title="bbox 126 3521 1221 3600; baseline -0.005 -21"><span class='ocrx_word' id='word_1_297' title='bbox 126 3540 292 3580; x_wconf 91' lang='lat' dir='ltr'><strong>numerous</strong></span> <span class='ocrx_word' id='word_1_298' title='bbox 314 3521 503 3599; x_wconf 88' lang='lat' dir='ltr'><strong>exceptions,</strong></span> <span class='ocrx_word' id='word_1_299' title='bbox 527 3521 725 3600; x_wconf 90' lang='lat' dir='ltr'><strong>particularly</strong></span> <span class='ocrx_word' id='word_1_300' title='bbox 744 3521 776 3579; x_wconf 93' lang='lat' dir='ltr'><strong>in</strong></span> <span class='ocrx_word' id='word_1_301' title='bbox 802 3522 855 3580; x_wconf 92' lang='lat' dir='ltr'><strong>the</strong></span> <span class='ocrx_word' id='word_1_302' title='bbox 876 3521 1118 3599; x_wconf 88' lang='lat' dir='ltr'><strong>distinguishing</strong></span> <span class='ocrx_word' id='word_1_303' title='bbox 1140 3521 1174 3579; x_wconf 80' lang='lat' dir='ltr'><strong>ot</strong></span> <span class='ocrx_word' id='word_1_304' title='bbox 1218 3567 1221 3574; x_wconf 94' lang='lat'><strong>.</strong></span> 
     </span>
     <span class='ocr_line' id='line_1_35' title="bbox 125 3621 1171 3698; baseline 0.001 -19"><span class='ocrx_word' id='word_1_305' title='bbox 125 3630 211 3698; x_wconf 91' lang='lat' dir='ltr'><strong>parts</strong></span> <span class='ocrx_word' id='word_1_306' title='bbox 233 3621 266 3680; x_wconf 83' lang='lat' dir='ltr'><strong>of</strong></span> <span class='ocrx_word' id='word_1_307' title='bbox 287 3621 411 3698; x_wconf 89' lang='lat' dir='ltr'><strong>speech,</strong></span> <span class='ocrx_word' id='word_1_308' title='bbox 434 3641 477 3695; x_wconf 91' lang='lat' dir='ltr'><strong>as,</strong></span> <span class='ocrx_word' id='word_1_309' title='bbox 497 3622 547 3679; x_wconf 82' lang='lat' dir='ltr'><strong>for</strong></span> <span class='ocrx_word' id='word_1_310' title='bbox 568 3621 718 3694; x_wconf 90' lang='lat' dir='ltr'><strong>instance,</strong></span> <span class='ocrx_word' id='word_1_311' title='bbox 741 3621 883 3681; x_wconf 90' lang='lat' dir='ltr'><strong>between</strong></span> <span class='ocrx_word' id='word_1_312' title='bbox 905 3621 957 3680; x_wconf 92' lang='lat' dir='ltr'><strong>the</strong></span> <span class='ocrx_word' id='word_1_313' title='bbox 979 3640 1064 3680; x_wconf 92' lang='lat' dir='ltr'><strong>same</strong></span> <span class='ocrx_word' id='word_1_314' title='bbox 1087 3621 1171 3680; x_wconf 92' lang='lat' dir='ltr'><strong>word</strong></span> 
     </span>
     <span class='ocr_line' id='line_1_36' title="bbox 125 3719 1172 3810; baseline -0.005 -25"><span class='ocrx_word' id='word_1_315' title='bbox 125 3720 203 3785; x_wconf 85' lang='lat' dir='ltr'><strong>used</strong></span> <span class='ocrx_word' id='word_1_316' title='bbox 219 3721 383 3807; x_wconf 40' lang='lat' dir='ltr'><strong>asad-verb</strong></span> <span class='ocrx_word' id='word_1_317' title='bbox 398 3741 433 3780; x_wconf 85' lang='lat' dir='ltr'><strong>or</strong></span> <span class='ocrx_word' id='word_1_318' title='bbox 447 3720 647 3810; x_wconf 76' lang='lat' dir='ltr'><strong>prepositiom</strong></span> <span class='ocrx_word' id='word_1_319' title='bbox 664 3739 699 3780; x_wconf 91' lang='lat' dir='ltr'><strong>as</strong></span> <span class='ocrx_word' id='word_1_320' title='bbox 714 3719 781 3780; x_wconf 79' lang='lat' dir='ltr'><strong>dote</strong></span> <span class='ocrx_word' id='word_1_321' title='bbox 794 3722 857 3780; x_wconf 93' lang='lat' dir='ltr'><strong>and</strong></span> <span class='ocrx_word' id='word_1_322' title='bbox 872 3722 956 3790; x_wconf 86' lang='lat' dir='ltr'><strong>onte&#39;;</strong></span> <span class='ocrx_word' id='word_1_323' title='bbox 978 3740 1013 3779; x_wconf 91' lang='lat' dir='ltr'><strong>or</strong></span> <span class='ocrx_word' id='word_1_324' title='bbox 1030 3721 1172 3780; x_wconf 86' lang='lat' dir='ltr'><strong>between</strong></span> 
     </span>
    </p>
   </div>
   <div class='ocr_carea' id='block_1_8' title="bbox 0 0 1302 4124">
    <p class='ocr_par' dir='ltr' id='par_1_9' title="bbox 0 0 1302 4124">
     <span class='ocr_line' id='line_1_37' title="bbox 0 0 1302 4124; baseline 0 0"><span class='ocrx_word' id='word_1_325' title='bbox 0 0 1302 4124; x_wconf 95' lang='lat' dir='ltr'><strong> </strong></span> 
     </span>
    </p>
   </div>
  </div>
 </body>
</html>
