2596 4124
481 390 572 439 WHY
592 391 650 438 WE
676 390 747 439 USE
769 391 817 438 IT.
1136 387 1168 438 41

124 555 264 620 Athenae,
288 555 403 620 Thebae,
421 557 544 626 Cymae,·
563 556 711 625 positione,
730 564 761 610 ut
779 555 907 622 tabellae,
919 558 1077 628 fenestrae.
1118 555 1169 610 Sin

125 655 218 701 autem
238 647 331 704 media
349 655 378 700 et
397 647 550 700 novissima
569 644 670 700 breves
689 647 799 712 luerint,
814 646 904 715 prima
919 644 1043 700 servabit
1056 655 1169 700 acutum

124 747 257 804 tenorem,
279 746 309 792 ut
328 740 458 811 Sergius,
478 739 616 803 Mallius,
636 740 725 803 ascia,
737 739 871 809 fuscina,
886 738 999 804 Julius,
1017 738 1167 791 Claudius.

126 831 156 885 Si
170 847 266 884 omnes
281 838 337 883 tres
349 829 476 902 syllabae
495 829 598 899 longae
617 829 729 894 luerint,
744 828 837 881 media
850 836 972 893 acuetur,
988 836 1018 881 ut
1032 829 1167 894 Romani,

124 922 219 994 legati,
228 926 389 992 praetores,
398 921 568 991 praedones.
649 927 651 931 ⁴

167 1048 304 1108 Priscian
319 1048 391 1107 thus
407 1048 526 1107 defines
541 1048 594 1107 the
609 1057 754 1108 aecents:

170 1167 275 1237 [Kena.
286 1177 330 1218 111.
341 1166 433 1236 p.519.]
472 1165 582 1217 Acutus
601 1179 722 1233 namque
742 1171 874 1218 accentus
894 1163 958 1218 ideo
978 1164 1107 1218 inventus
1125 1172 1169 1218 est

125 1255 201 1327 quod
220 1263 304 1310 acuat
322 1255 380 1308 sive
401 1255 491 1309 elevet
509 1252 663 1326 syllabam3
682 1254 777 1324 gravis
796 1270 862 1308 vero
882 1270 917 1308 eo
936 1254 1011 1323 quod
1030 1253 1169 1324 deprimat

125 1356 173 1401 aut
186 1346 310 1416 deponat
321 1365 328 1413 3
348 1346 543 1400 circumflexus
557 1345 619 1400 ideo
633 1345 709 1416 quod
722 1344 861 1414 deprimat
874 1353 902 1399 et
915 1353 1006 1399 acuat.

166 1474 256 1533 Then
278 1474 358 1532 after
373 1473 480 1551 giving
499 1474 551 1531 the
570 1472 659 1549 place
674 1472 708 1531 of
725 1471 777 1531 the
798 1481 907 1530 accent
921 1472 962 1530 he
977 1480 1066 1530 notes
1082 1490 1168 1530 some

124 1573 300 1650 disturbing
314 1572 492 1646 influences,
510 1572 609 1630 which
624 1590 718 1630 cause
733 1571 914 1648 exceptions
928 1580 961 1630 to
976 1572 1029 1629 the
1043 1570 1168 1648 general

124 1672 207 1732 rule:

171 1772 243 1843 [Keil.
255 1797 276 1824 v.
288 1783 333 1824 111.
344 1797 380 1834 pp.
392 1773 501 1843 εις-5η]
536 1772 606 1823 Tres
621 1770 733 1840 quidem
746 1786 791 1823 res
805 1779 970 1823 accentuum
982 1769 1092 1840 regulas
1106 1785 1169 1823 con·

125 1860 255 1928 turbant;
276 1861 465 1932 distinguendi
485 1862 574 1928 rati0;
594 1860 794 1932 pronuntiandi
814 1860 1000 1932 ambiguitas3
1021 1869 1104 1931 atque
1124 1877 1169 1913 ne·

125 1954 250 2007 cessitas.
272 1994 278 2006 .
300 1993 306 2006 .
328 1994 334 2006 .

172 2046 256 2100 Ratio
275 2062 395 2116 namque
416 2045 605 2116 distinguendi
624 2045 715 2116 legem
735 2053 900 2099 accentuum
914 2061 998 2114 saepe
1012 2044 1169 2098 conturbat
1236 2052 1239 2056 ’

127 2136 220 2206 Siquis
230 2138 414 2207 pronuntians
425 2137 502 2190 dicat
508 2139 588 2207 pone
598 2145 627 2190 et
638 2137 712 2208 ergd,
724 2135 800 2206 quod
814 2135 889 2205 apud
901 2136 1016 2189 Latinos
1030 2135 1059 2188 in
1072 2134 1169 2188 ultima

125 2227 234 2299 syllaba
253 2228 308 2281 nisi
327 2228 501 2282 discretionis
522 2244 608 2282 causa
628 2236 760 2282 accentus
780 2227 847 2296 poni
863 2243 919 2280 non
939 2234 1047 2296 potest:
1067 2243 1102 2280 ex
1114 2227 1168 2280 hoc

126 2327 169 2372 est
191 2319 267 2390 quod
287 2319 407 2373 diximus
423 2321 503 2389 pone
521 2327 549 2372 et
568 2320 641 2390 ergd.
683 2318 752 2372 ldeo
767 2320 848 2393 pone
865 2317 983 2371 dicimus
1003 2319 1169 2388 neputetur

124 2408 242 2464 verbum
255 2427 317 2464 esse
331 2410 489 2478 imperativi
508 2410 592 2475 modi,
607 2410 661 2463 hoc
675 2418 718 2463 est
724 2414 821 2480 penej
840 2409 908 2480 ergd
920 2408 984 2462 ideo
1002 2408 1120 2463 dicimus
1134 2426 1169 2463 ne

124 2510 237 2571 putetur
250 2499 409 2571 conjunctio
423 2500 574 2567 rationalis,
589 2500 665 2571 quod
679 2509 723 2554 est
735 2503 808 2572 ergo.

172 2591 353 2662 Ambiguitas
376 2609 442 2645 vero
468 2591 666 2661 pronuntiandi
689 2591 780 2662 legem
806 2600 972 2646 accentuum
998 2608 1083 2661 saepe
1106 2608 1169 2645 con·

125 2684 227 2738 turbat.
270 2683 363 2754 Siquis
383 2683 458 2737 dicat
477 2684 648 2749 intercalari,
663 2683 711 2754 qui
724 2683 821 2748 nescit,
838 2683 952 2737 alteram
972 2691 1080 2752 partem
1094 2682 1170 2736 dicat

125 2777 243 2841 interea,
266 2774 381 2828 alteram
400 2775 461 2839 loci,
483 2773 559 2844 quod
580 2791 637 2828 non
657 2775 809 2844 separatim
831 2774 881 2828 sed
901 2772 955 2828 sub
975 2791 1031 2828 uno
1051 2781 1169 2827 accentu

125 2866 362 2936 pronuntiandum
376 2873 426 2931 est,
441 2882 476 2918 ne
491 2864 703 2937 ambiguitatem
715 2865 744 2942 in
758 2882 886 2920 sermone
898 2866 993 2919 faciat

171 2958 334 3012 Necessitas
354 2956 589 3026 pronuntiationis
611 2957 918 3026 regulamcorrumpit,
939 2964 969 3010 ut
991 2966 1059 3027 puta
1081 2956 1169 3027 siquis

126 3049 201 3102 dicat
223 3049 251 3101 in
273 3049 369 3118 primis
390 3049 496 3114 doctus,
520 3048 606 3101 addat
628 3065 682 3118 que
704 3047 936 3118 conjunctionem,
958 3048 1088 3118 dicatque
1110 3048 1170 3102 doc·

125 3148 236 3209 iusque,
260 3158 325 3194 ecce
349 3141 378 3193 in
400 3140 626 3210 pronuntiatione
653 3149 800 3194 accentum
826 3141 951 3206 mutavit,
975 3157 1039 3194 cum
1061 3156 1118 3193 non
1141 3140 1169 3192 in

125 3231 249 3285 secunda
262 3232 378 3302 syllaba,
394 3232 444 3286 sed
458 3233 487 3284 iu
500 3231 599 3301 prima,
615 3239 760 3284 accentum
773 3230 879 3286 habere
892 3230 996 3286 debuit

168 3360 219 3417 He
235 3358 301 3416 also
318 3367 413 3417 states
429 3359 482 3417 the
498 3359 555 3417 law
569 3359 637 3417 that
652 3358 839 3417 determines
854 3358 907 3416 the
922 3358 998 3417 kind
1013 3360 1046 3417 of
1061 3367 1170 3417 accent

124 3469 157 3517 to
172 3460 211 3517 be
227 3458 305 3516 used
320 3480 325 3516 :

171 3575 218 3644 [Id.
228 3585 258 3626 ib.
269 3598 290 3636 p.
302 3574 361 3644 521.]
403 3571 520 3643 Syllaba
543 3589 615 3642 quae
638 3581 795 3642 correptam
820 3572 949 3626 vocalem
975 3572 1062 3626 habet
1087 3581 1170 3626 acuto

125 3671 241 3716 accentu
253 3663 456 3732 pronuntiatur,
471 3671 503 3716 ut
510 3664 583 3732 prix,
590 3664 662 3733 sdx,
670 3664 737 3733 pix,
753 3665 814 3728 nix,
829 3663 899 3727 dele,
914 3665 985 3729 κήκ,
1000 3681 1072 3733 quae
1086 3664 1170 3716 etiarn

124 3752 172 3806 tali
193 3762 310 3808 accentu
329 3752 537 3823 pronuntianda
556 3761 606 3819 est,
628 3754 756 3824 quamvis
776 3754 916 3825 sitlopga
935 3755 1087 3835 positioue„
1104 3754 1175 3820 adia
