2596 4124
131 380 166 432 40
258 383 335 430 THE
357 383 499 432 ROMAN
516 384 843 434 PRONUNCIATION
863 385 911 432 OF
929 385 1054 432 LATIN.

175 549 243 609 The
253 550 475 627 grammarians
490 551 652 628 recognize
664 552 750 611 three
766 562 911 625 accents;
932 552 988 610 but
999 550 1179 630 practically

132 667 177 709 we
193 650 274 709 need
295 650 367 709 take
390 661 523 710 account
537 651 571 709 oi
587 652 643 710 but
657 661 726 724 two,
743 651 902 710 inasmuch
925 670 958 709 as
974 650 1027 709 the
1045 651 1130 710 third
1151 650 1177 710 is

133 751 248 830 merely
264 751 414 828 negative.
459 751 528 810 The
550 750 678 828 syllable
700 751 816 828 having
834 750 886 809 the
903 769 996 828 grave
1015 751 1175 824 arcentis,

133 870 168 910 as
184 871 228 911 we
243 851 355 910 should
372 871 435 930 say,
452 852 654 910 unaccented.

179 987 266 1057 [Dium.
295 996 351 1038 Keil.
362 1011 383 1038 v.
396 999 413 1038 1,
424 1011 446 1048 p.
457 987 516 1057 432]
557 987 629 1038 Sunt
642 985 708 1038 irero
725 992 789 1048 tres,
802 992 907 1049 acutus,
922 984 1024 1054 gravis,
1039 992 1067 1037 et
1081 985 1129 1053 qui
1143 1001 1178 1038 ex

133 1074 244 1129 duobus
257 1084 368 1130 constat
381 1075 582 1130 circumflexus.
624 1077 667 1128 Ex
683 1075 736 1140 his,
751 1084 848 1128 acutus
862 1075 1038 1143 incorreptis
1057 1091 1175 1144 semper,

132 1165 270 1221 interdum
283 1168 426 1237 productis
440 1166 555 1237 syllabis
568 1175 711 1232 versatur3
732 1166 850 1219 inflexus
865 1168 911 1238 (or
926 1166 1134 1220 ‘circumflexus
1144 1167 1176 1239 ⁹),

132 1258 161 1311 in
175 1259 218 1312 his
232 1275 304 1329 quae
317 1259 522 1328 producuntur;
541 1258 637 1328 gravis
651 1266 744 1311 autem
757 1274 808 1326 per
820 1274 851 1310 se
864 1273 1008 1327 nunquam
1023 1258 1177 1312 consistere

132 1347 161 1402 in
174 1349 230 1403 ullo
243 1348 331 1404 verbo
350 1358 450 1419 potest,
465 1349 516 1403 sed
531 1349 560 1401 in
577 1349 623 1402 his
641 1349 669 1401 in
687 1348 790 1418 quibus
809 1348 927 1401 inflexus
947 1356 997 1413 est,
1013 1356 1061 1401 aut
1078 1357 1178 1402 acutus

133 1448 240 1494 ceteras
254 1440 378 1512 syllabas
393 1440 509 1494 obtinet.

174 1601 241 1660 The
257 1620 341 1660 same
356 1601 457 1660 writer
472 1601 544 1660 thus
558 1601 645 1679 gives
660 1601 713 1660 the
728 1601 816 1677 place
832 1601 866 1659 oi
879 1599 957 1659 each
973 1610 1100 1660 accent:

178 1735 250 1804 [Keil.
260 1759 281 1786 v.
293 1747 311 1788 1.
322 1760 343 1798 p.
355 1736 414 1806 nn]
452 1734 589 1805 (Acutus)
602 1731 677 1801 apud
689 1733 804 1785 Latinos
815 1732 870 1785 duo
881 1740 988 1786 tantum
998 1732 1061 1786 loca
1072 1741 1174 1798 tenent,

131 1823 331 1893 paenultimum
351 1833 378 1877 et
398 1824 682 1893 antepaenultimum;
702 1823 896 1876 circumflexus
916 1831 1017 1888 autem,
1039 1823 1177 1893 quotlibet

131 1914 301 1985 syllabarum
314 1915 352 1968 sit
364 1915 458 1980 dictio,
471 1932 527 1968 non
541 1914 648 1968 tenebit
660 1914 714 1966 nisi
726 1913 926 1983 paenultimum
939 1914 1040 1968 locum.
1075 1915 1176 1968 Omnis

131 2005 214 2076 igitur
227 2022 292 2074 pars
302 2006 436 2059 orationis
449 2006 523 2059 hanc
537 2007 673 2059 rationem
682 2006 916 2074 pronuntiationis
927 2004 1039 2059 detinet.
1075 2006 1176 2060 Omnis

130 2113 186 2150 vox
205 2097 399 2169 monosyllaba
420 2096 524 2167 aliquid
543 2097 713 2167 significans,
728 2097 751 2149 si
772 2096 864 2150 brevis
885 2105 935 2163 est,
950 2105 1071 2163 acuetur,
1086 2105 1116 2151 ut
1130 2097 1173 2164 ab,

130 2189 193 2255 mel,
206 2175 276 2260 fel,·
296 2197 330 2254 et,
352 2189 375 2241 si
395 2189 534 2258 positione
553 2188 639 2258 longa
658 2188 749 2252 luerit,
771 2196 882 2241 acutum
905 2188 1030 2241 similiter
1050 2197 1175 2242 tenorem

130 2279 254 2345 habebit,
269 2288 299 2334 ut
321 2299 379 2347 ars,
397 2285 483 2351 pars,
498 2282 565 2351 pix,
587 2282 649 2346 nix,
664 2283 736 2351 sax.
778 2280 828 2334 Sin
851 2289 944 2333 autem
967 2279 1052 2350 longa
1075 2288 1175 2334 natura

129 2371 219 2437 fuerit,
234 2371 367 2438 flectetur,
382 2380 413 2425 ut
426 2372 487 2437 lux,
501 2373 646 2442 spesflos,
661 2372 711 2437 sol,
727 2389 816 2437 mons,
823 2375 906 2443 sons,
921 2372 965 2424 lis.

176 2463 275 2517 Omnis
293 2481 349 2517 vox
368 2463 522 2534 dissyllaba
541 2464 661 2532 priorem
681 2462 819 2534 syllabam
838 2472 887 2517 aut
909 2464 985 2516 acuit
1007 2472 1055 2517 aut
1077 2464 1173 2518 flectit.

129 2555 222 2620 Acuit,
241 2553 286 2608 vel
304 2572 368 2609 curn
387 2553 481 2609 brevis
500 2564 543 2609 est
562 2563 687 2625 utraque,
709 2563 740 2608 ut
760 2555 838 2621 deus,
859 2557 942 2620 citus,
963 2555 1061 2621 datur,
1082 2563 1173 2619 arat,-

129 2644 173 2698 vel
194 2663 257 2699 cum
283 2646 422 2715 positione
448 2645 534 2716 longa
556 2653 599 2700 est
622 2654 746 2716 utraque,
770 2655 800 2698 ut
822 2645 943 2710 sollers,·
970 2644 1015 2699 vel
1042 2645 1173 2699 alterutra

128 2737 266 2805 positione
285 2737 370 2808 longa
390 2737 456 2791 dum
476 2754 511 2791 ne
532 2745 631 2790 natura
649 2736 735 2807 longa
754 2737 798 2803 sit,
817 2737 899 2806 prior,
915 2745 945 2790 ut
957 2741 1091 2808 panius,·
1110 2754 1172 2806 pos-

128 2829 220 2893 terior,
235 2837 266 2882 ut
278 2829 384 2882 cohors.
427 2829 457 2883 Si
470 2846 537 2882 vero
556 2829 632 2898 prior
651 2826 760 2900 syllaba
780 2836 880 2881 natura
898 2827 984 2898 longa
1004 2836 1031 2881 et
1051 2844 1172 2897 sequens

128 2918 222 2972 brevis
234 2920 325 2986 luerit,
339 2920 458 2974 flectitur
470 2921 554 2990 prior,
569 2927 600 2974 ut
615 2920 695 2985 luna,
709 2921 810 2973 Roma.

175 3010 208 3063 In
228 3009 378 3082 trisyllabis
401 3019 495 3064 autem
517 3019 546 3065 et
564 3010 752 3082 tetrasyllabis
773 3019 802 3064 et
822 3011 962 3081 deinceps,
986 3012 1110 3066 secunda
1134 3011 1171 3066 ab

70 3090 74 3098 ⁸
127 3102 224 3155 ultima
242 3119 352 3172 semper
369 3101 548 3156 observanda
565 3111 614 3156 est.
655 3098 744 3167 Haec,
759 3102 783 3154 si
803 3110 904 3155 natura
922 3102 1007 3172 longa
1026 3102 1117 3169 fuerit,
1132 3103 1171 3156 in-

127 3193 253 3260 flectitur,
280 3202 311 3247 ut
335 3195 494 3259 Romanus,
520 3194 665 3265 Cethegus,
692 3195 835 3258 marinus,
862 3194 1024 3264 Crispinus,
1048 3195 1169 3259 amicus,

126 3287 262 3351 Sabinus,
278 3287 431 3355 Quirinus,
446 3286 550 3339 lectica.
591 3286 622 3339 Si
635 3301 702 3338 vero
722 3284 821 3338 eadem
840 3285 1011 3354 paenultima
1031 3285 1170 3354 positione

125 3377 210 3447 longa
223 3378 315 3443 fuerit,
330 3385 451 3442 acuetur,
466 3385 496 3430 ut
509 3377 654 3441 Metellus,
668 3373 812 3442 Cltullus,
823 3377 985 3430 Marcellus
992 3393 1003 3442 ;
1022 3377 1062 3430 ita
1075 3385 1169 3430 tamen

124 3468 149 3521 si
169 3469 306 3538 positione
326 3468 411 3538 longa
430 3484 487 3521 non
507 3485 541 3521 ex
561 3476 637 3521 muta
657 3475 686 3520 et
705 3467 810 3537 liquida
826 3467 917 3521 luerit.
960 3469 1036 3520 Nam
1049 3467 1170 3522 mutabit

125 3570 279 3626 accentum,
301 3568 331 3613 ut
350 3559 483 3626 latebrae,
506 3560 644 3613 tenebrae.
686 3560 724 3612 Et
746 3559 770 3612 si
792 3559 945 3612 novissima
965 3568 1065 3614 natura
1083 3558 1169 3630 longa

124 3652 245 3723 itemque
264 3652 441 3721 paenultima,
456 3651 516 3704 sive
535 3659 637 3704 natura
656 3651 715 3704 sive
735 3651 875 3720 positione
894 3650 980 3722 longa
998 3651 1090 3716 luerit,
1104 3667 1168 3720 pae-

119 3743 240 3794 nultima
259 3744 367 3795 tantum
387 3750 509 3807 acuetur,
524 3758 580 3794 non
600 3742 775 3810 inflectetur3
796 3742 845 3808 sic,
861 3750 968 3808 natura,
983 3750 1014 3796 ut
1030 3743 1167 3808 Fidenae,
