2596 4124
149 395 181 447 18
271 397 349 447 THE
371 397 515 447 ROMAN
531 398 755 449 PRONUNCIA
763 398 859 448 TION
878 399 927 448 OF
945 397 993 447 LA
1001 399 1073 448 ΤΙΝ.

148 563 256 618 iaciunt
270 571 317 618 aut
330 564 391 617 aliis
404 562 625 619 consonantibus
639 564 788 630 sociantur,
803 573 835 618 ut
846 565 907 618 Iris
921 573 949 618 et
961 581 1039 619 unus
1052 574 1080 620 et
1091 567 1151 619 Isis
1164 575 1192 621 et

148 671 234 709 urna.
269 655 463 710 Consonautes
476 664 570 709 autem
583 663 655 721 sunt,
667 672 731 710 cum
745 655 806 708 aliis
815 653 961 710 vocalibus
974 656 1003 709 in
1012 672 1069 711 uua
1082 657 1192 728 syllaba

147 756 363 817 praeponuntur,
378 755 426 802 aut
439 764 502 801 cum
516 747 594 817 ipsae
608 747 679 801 inter
692 764 723 801 se
737 748 765 800 in
779 763 835 801 una
848 746 958 819 syllaba
977 747 1191 819 conjunguntur.

150 839 215 891 Nisi
228 839 302 893 enim
315 847 343 893 et
354 839 430 908 prior
442 839 479 892 sit
492 847 520 894 et
533 839 562 892 iu
576 856 632 894 una
650 839 761 911 syllaba
780 856 875 893 secum
894 838 1000 893 habeat
1014 839 1192 911 conjunctam

148 931 282 996 vocalem,
297 947 353 984 non
366 932 418 985 erit
430 948 589 986 consonans
602 933 614 986 i
626 931 671 986 vel
683 947 713 988 u.
755 933 832 984 Nam
851 931 951 986 Iulius
965 941 993 987 et
1004 934 1110 987 Iarbas
1128 950 1192 988 cum

149 1021 226 1088 dicis,
247 1023 258 1077 i
277 1039 436 1077 consonans
459 1040 515 1090 non
536 1032 586 1088 est,
600 1023 666 1078 licet
687 1023 845 1092 praecedat,
868 1024 934 1094 quia
954 1024 983 1076 in
1006 1041 1062 1078 una
1084 1024 1193 1096 syllaba

149 1131 244 1169 secum
257 1113 413 1169 nonhabet
426 1115 602 1186 conjunctam
612 1115 747 1181 vocalem,
759 1116 810 1170 sed
822 1116 852 1169 iu
866 1116 953 1170 altera
967 1125 1191 1186 consequentem.

190 1258 259 1317 The
283 1258 504 1336 grammarians
530 1260 628 1336 speak
652 1259 686 1318 oi
706 1256 718 1318 i
740 1269 914 1318 consonant
936 1279 970 1318 as
994 1260 1138 1318 different
1161 1260 1192 1318 in

149 1359 250 1419 sound
266 1359 327 1418 and
343 1359 434 1419 effect
449 1360 528 1419 from
542 1360 595 1419 the
610 1359 707 1420 vowel
722 1356 751 1432 i;
775 1360 846 1432 and,
863 1379 897 1418 as
918 1360 992 1437 they
1007 1360 1048 1419 do
1068 1369 1122 1419 not
1138 1379 1194 1438 say

148 1459 217 1518 how
239 1458 263 1517 it
285 1458 400 1532 differs,
421 1478 466 1518 we
488 1459 640 1537 naturally
661 1459 741 1518 infer
762 1459 815 1518 the
837 1459 988 1518 variation
1010 1468 1043 1518 to
1064 1459 1104 1518 be
1126 1460 1194 1518 that

148 1559 248 1618 which
269 1559 389 1618 follows
405 1559 436 1617 in
451 1560 503 1618 the
523 1569 631 1619 nature
647 1560 680 1618 of
694 1559 798 1637 things
817 1559 896 1618 from
915 1558 955 1618 its
974 1559 1110 1636 position
1131 1560 1194 1619 and

150 1659 246 1732 office,
264 1678 298 1718 as
313 1659 345 1718 in
360 1660 413 1718 the
429 1659 561 1718 kindred
578 1662 738 1719 Romance
753 1658 932 1737 languages.

192 1758 330 1818 Priscian
346 1778 436 1839 says:

196 1875 268 1945 [Keil.
279 1899 299 1927 v.
311 1887 343 1927 11.
353 1899 375 1938 p.
389 1876 433 1946 13.]
474 1874 521 1929 Sic
543 1874 554 1928 i
575 1883 603 1928 et
622 1890 653 1943 u,
676 1874 805 1944 quamvis
827 1891 912 1927 unum
935 1890 1038 1926 nomen
1061 1880 1089 1927 et
1109 1889 1193 1927 unam

150 1964 274 2019 habeant
287 1965 405 2035 figuram
418 1974 476 2018 tam
489 1964 601 2018 vocales
613 1949 697 2034 quam
711 1973 906 2029 consonantes,
918 1972 1020 2030 tamen,
1032 1965 1098 2034 quia
1108 1965 1194 2019 diver·

150 2072 212 2109 sum
232 2073 331 2110 sonum
346 2065 374 2110 et
386 2055 525 2110 diversam
537 2056 594 2108 vim
613 2055 720 2109 habent
733 2056 761 2108 in
774 2056 869 2109 metris
883 2056 952 2110 etin
968 2057 1195 2125 pronuntiatione
1228 2102 1233 2112 .

151 2147 328 2218 syllabarum,
343 2165 400 2202 non
414 2156 479 2201 sunt
491 2147 520 2200 in
534 2146 639 2201 eisdem
653 2163 717 2201 meo
730 2145 834 2217 judicio
843 2132 992 2201 ‘elementis
1006 2146 1193 2217 accipiendae,

151 2239 279 2308 quamvis
293 2248 321 2293 et
335 2239 497 2304 Censorino,
512 2238 676 2293 doctissimo
690 2239 757 2292 artis
770 2239 979 2309 grammaticae,
995 2239 1069 2293 idem
1082 2239 1195 2310 placuit.

193 2384 223 2440 It
247 2382 348 2441 would
374 2400 458 2442 seem
482 2391 515 2442 to
540 2383 580 2441 be
605 2382 647 2459 by
668 2400 779 2441 reason
801 2381 835 2441 of
854 2380 917 2440 this
939 2381 1065 2441 twofold
1087 2391 1195 2440 nature

153 2480 264 2561 (vowel
286 2482 349 2541 and
370 2481 558 2563 consonant)
575 2481 643 2542 that
662 2479 675 2539 i
692 2482 749 2540 has
771 2481 811 2541 its
831 2481 1066 2559 ‘lengthening’
1083 2500 1193 2558 power.

152 2583 272 2641 Probus
287 2582 425 2659 explains
440 2583 493 2641 the
508 2591 620 2640 matter
633 2582 724 2640 thus:

198 2705 270 2775 [Keil.
280 2728 301 2756 v.
313 2715 351 2756 1v.
362 2728 384 2766 p.
394 2705 453 2776 m]
495 2704 644 2757 Praeterea
663 2702 720 2756 vim
740 2711 925 2773 naturamque
940 2702 952 2756 i
967 2702 1074 2756 litterae
1087 2701 1195 2754 vocalis

151 2793 311 2864 plenissime
325 2792 460 2848 debemus
473 2811 652 2865 cognoscere,
667 2793 743 2865 quod
756 2794 873 2848 duarum
893 2793 1030 2847 interdum
1050 2792 1112 2846 loco
1131 2808 1195 2845 con·

151 2886 310 2940 sonantium
323 2895 450 2955 ponatur.
491 2887 575 2940 Hanc
590 2886 664 2940 enim
678 2903 712 2940 ex
726 2902 777 2939 suo
796 2901 910 2938 numero
924 2882 1037 2938 vocales
1056 2882 1195 2952 duplicem

151 2976 271 3031 litteram
295 2978 416 3043 mittunt,
432 2986 462 3031 ut
481 2985 573 3032 cetera
593 2977 731 3031 elementa
750 2977 904 3030 litterarum
925 2974 1048 3045 singulas
1069 2972 1195 3043 duplices

152 3068 272 3133 mittunt,
287 3066 437 3138 dequibus
457 3085 508 3122 suo
528 3068 733 3138 disputavimus
751 3067 822 3121 loco.
865 3065 917 3119 Illa
931 3082 998 3136 ergo
1011 3065 1118 3118 ratione
1131 3065 1143 3119 i
1155 3065 1196 3118 lit·

152 3167 211 3212 tera
230 3159 370 3228 duplicem
390 3176 490 3213 sonum
510 3159 647 3230 designat
662 3175 718 3214 una
731 3158 860 3229 quamvis
874 3157 963 3227 figura
976 3157 1020 3221 sit,
1035 3157 1059 3210 si
1072 3155 1196 3226 undique

151 3249 236 3304 fuerit
248 3251 341 3304 cincta
354 3249 509 3316 vocalibus,
524 3258 555 3304 ut
567 3251 728 3304 acerrimus
740 3250 832 3315 Aiax,
848 3257 876 3302 et

362 3359 438 3408 “Aio
450 3367 484 3418 te,
497 3358 603 3417 Eacida,
617 3359 752 3408 Romanos
765 3358 866 3407 vincere
877 3358 981 3422 posse.”

193 3475 295 3553 Again
311 3475 342 3534 in
357 3476 410 3535 the
425 3475 661 3536 commentaries
677 3494 718 3534 on
734 3476 876 3534 Donatus
892 3494 936 3534 we
952 3475 1035 3535 find:

198 3594 271 3664 [Keil.
281 3617 302 3645 v.
314 3605 353 3646 1v.
364 3617 386 3654 ρ.
397 3596 456 3667 ran]
496 3591 583 3646 Plane
603 3590 747 3646 sciendum
763 3599 807 3644 est
823 3590 898 3660 quod
911 3591 922 3645 i
936 3591 1007 3644 inter
1020 3590 1090 3644 duas
1103 3590 1196 3660 posita

150 3683 265 3737 vocales
286 3683 314 3736 in
336 3699 392 3737 una
411 3690 490 3754 parte
511 3683 646 3738 orationis
667 3699 718 3752 pro
736 3680 847 3736 duabus
864 3689 907 3734 est
923 3680 1150 3746 consonantibus,
1166 3689 1196 3734 ut

150 3775 248 3827 sraela.
