2596 4124
509 379 600 428 WHY
623 379 680 426 WE
707 379 777 427 USE
799 378 848 428 IT.
1181 375 1195 428 5

194 546 262 604 The
276 544 497 623 grammarians
513 545 611 622 speak
625 546 658 604 oi
672 545 724 604 the
744 546 874 604 obscure
890 546 991 605 sound
1007 546 1040 605 of
1056 541 1068 603 i
1083 546 1145 604 and
1160 560 1194 620 ιι,

153 647 239 704 short
254 646 316 704 and
331 645 525 703 unaccented
540 645 572 703 in
586 645 639 703 the
659 644 775 703 middle
790 645 823 704 oi
841 663 859 703 a
873 645 975 719 word,
998 664 1033 704 so
1047 645 1115 704 that
1130 645 1162 702 in
1178 663 1196 703 a

153 745 283 804 number
298 745 330 804 oi
344 745 444 804 words
460 741 472 802 i
487 745 549 803 and
564 759 585 802 ιι
600 763 678 804 were
694 744 814 803 written
829 744 1046 824 indifferently,
1062 764 1140 804 even
1154 746 1197 824 by

153 845 265 904 classic
278 845 404 919 writerS,
421 865 455 904 as
470 848 595 920 optimus
610 863 644 904 or
658 854 802 920 optumus,
815 847 964 905 maximus
978 863 1012 904 or
1027 865 1194 905 maxumus.

153 946 230 1005 This
246 945 272 1006 is
287 947 343 1005 but
359 967 377 1006 a
392 947 501 1024 simple
514 947 576 1005 and
591 948 711 1005 natural
726 947 823 1024 thing.
861 947 928 1005 The
940 965 1026 1006 same
1038 945 1196 1025 obscurity

153 1066 261 1106 occurs
276 1047 363 1106 often
378 1046 410 1104 in
426 1046 563 1124 English,
580 1066 624 1120 as,
639 1047 688 1105 for
703 1045 852 1120 instance,
869 1045 900 1105 in
914 1047 1015 1106 words
1033 1046 1149 1123 ending
1163 1046 1196 1104 in

152 1149 216 1206 able
229 1166 264 1206 or
279 1149 340 1206 ible.
387 1148 468 1205 How
483 1165 565 1225 easy,
581 1147 630 1205 ior
649 1146 799 1220 instance,
817 1155 850 1206 to
870 1146 999 1206 contuse
1022 1147 1074 1205 the
1095 1146 1195 1205 sound

153 1247 215 1305 and
231 1246 363 1323 spelling
378 1246 410 1304 in
425 1247 501 1305 such
515 1246 616 1304 words
631 1265 666 1304 as
681 1247 833 1305 detestable
846 1247 909 1305 and
924 1247 1076 1321 digesteble.

197 1377 270 1448 [Serg.
283 1389 375 1442 Explan.
389 1391 436 1432 Art.
451 1391 531 1432 Donat.
560 1389 617 1431 Keil.
628 1404 649 1431 v.
661 1390 692 1431 11.
702 1403 724 1442 p.
735 1380 794 1451 475.]
836 1378 901 1431 Hae
918 1378 1002 1431 etiam
1020 1368 1120 1432 duaevi
1135 1385 1195 1434 etu

153 1470 375 1523 ...interdum
394 1486 555 1539 expressum
578 1486 658 1522 suum
681 1486 781 1522 sonum
803 1486 860 1523 non
882 1469 1006 1523 habent:
1033 1470 1054 1538 i,
1076 1478 1106 1523 ut
1125 1471 1195 1533 vir,·

152 1577 183 1630 u,
199 1570 228 1615 ut
241 1567 386 1632 optumus.
427 1563 494 1614 Non
514 1561 587 1614 enim
607 1576 756 1630 possumus
776 1560 867 1614 dicere
887 1562 939 1615 vir
954 1561 1092 1630 producta
1107 1561 1128 1630 i,
1144 1578 1195 1614 nec

152 1658 290 1723 epiumus
309 1653 445 1722 producta
464 1668 503 1719 u;
523 1652 597 1706 unde
618 1652 701 1706 etiam
721 1652 830 1706 mediae
853 1651 988 1706 dicuntur.
1030 1653 1068 1706 Et
1090 1652 1143 1706 hoc
1167 1652 1195 1705 in

153 1761 299 1798 commune
319 1744 461 1813 patiuntur
477 1744 548 1797 inter
565 1760 604 1808 se,
620 1752 647 1797 et
660 1742 732 1796 bene
750 1741 820 1797 dixit
834 1745 964 1797 Donatus
978 1743 1030 1796 has
1043 1743 1150 1798 litteras
1166 1744 1195 1796 in

154 1835 323 1906 quibusdam
337 1834 506 1889 dictionibus
519 1851 681 1904 expressum
695 1851 776 1888 suum
793 1851 895 1888 sonum
909 1852 964 1888 non
978 1834 1090 1889 habere.
1131 1836 1196 1889 Hae

153 1928 238 1981 etiam
264 1927 372 1981 mediae
395 1927 531 1992 dicuntur,
556 1927 622 1996 quia
645 1926 812 1996 quibusdam
838 1925 1007 1979 dictionibus
1033 1944 1195 1996 expressum

154 2036 253 2072 sonum
267 2037 323 2073 non
336 2019 449 2084 habent,
469 2059 475 2072 .
495 2058 501 2072 .
521 2058 527 2071 .
547 2026 577 2071 ut
590 2035 727 2072 maxume
739 2034 790 2087 pro
804 2019 939 2071 maxime.
959 2058 965 2070 .
984 2058 991 2070 .
1010 2058 1016 2070 .
1038 2018 1071 2071 In
1085 2018 1197 2088 quibus-

154 2109 219 2164 dam
239 2110 397 2164 nominibus
417 2127 474 2164 non
493 2119 599 2163 certum
620 2110 777 2179 exprimunt
796 2127 914 2178 sonum,
934 2110 955 2178 i,
973 2119 1003 2162 ut
1019 2111 1071 2163 vir
1084 2110 1168 2164 modo
1184 2111 1195 2164 i

154 2202 316 2271 opprimitur
327 2221 333 2269 3
353 2218 374 2259 ιι
387 2211 418 2256 ut
430 2207 567 2272 optumus
581 2202 664 2256 modo
676 2217 697 2258 ιι
710 2200 801 2271 perdit
814 2218 921 2256 sonum.

195 2335 333 2394 Priscian
349 2355 439 2414 says:

200 2470 272 2539 [Keil.
283 2493 303 2521 v.
315 2481 346 2521 11.
358 2494 379 2531 p.
389 2472 447 2543 4⁶s-]
488 2469 543 2520 Cur
562 2484 612 2537 per
630 2468 662 2522 vi
681 2467 810 2521 scribitur
831 2468 969 2540 (virum)?
1009 2468 1082 2536 Quia
1101 2469 1195 2522 omnia

153 2559 267 2612 nomina
280 2575 297 2610 a
309 2559 341 2612 vi
354 2557 463 2629 syllaba
473 2559 635 2628 incipientia
647 2559 738 2628 perui
751 2559 909 2613 scribuntur
920 2560 1043 2629 exceptis
1055 2561 1196 2614 bitumine

153 2658 181 2703 et
201 2649 263 2714 bile,
279 2648 391 2718 quando
404 2649 457 2720 sel
476 2649 623 2719 significat,
646 2658 674 2703 et
697 2650 749 2703 illis
770 2667 841 2720 quae
863 2667 880 2703 a
902 2651 945 2703 bis
966 2649 1099 2704 adverbio
1122 2667 1195 2704 com·

152 2749 300 2810 ponuntur,
315 2749 345 2793 ut
357 2742 456 2811 biceps,
471 2742 608 2810 bipatens,
623 2742 744 2795 bivium.
786 2742 843 2794 Cur
855 2758 954 2795 sonum
968 2741 1077 2795 videtur
1089 2741 1195 2796 habere

152 2832 181 2884 in
194 2831 247 2885 hac
262 2831 383 2885 dictione
396 2833 408 2887 i
420 2831 527 2886 vocalis
540 2847 560 2888 ιι
573 2832 681 2886 litterae
696 2832 841 2886 Graecae?
881 2823 953 2900 Quia
973 2833 1063 2886 omnis
1078 2833 1164 2887 dictio
1178 2850 1195 2886 a

151 2923 183 2977 vi
196 2922 306 2994 syllaba
319 2922 397 2976 brevi
410 2924 553 2993 incipiens,
569 2924 587 2978 d
606 2924 650 2977 vel
669 2930 684 2980 t
703 2923 748 2977 vel
767 2939 798 2978 m
817 2924 862 2977 vel
877 2940 892 2978 r
909 2923 953 2978 vel
967 2941 988 2978 x
1005 2923 1194 2994 sequentibus,

152 3013 206 3067 hoc
220 3031 290 3067 sono
303 3015 504 3083 pronuntiatur,
517 3023 547 3068 ut
561 3016 651 3080 video,
666 3016 805 3081 videbam,
817 3016 916 3070 videbo
925 3036 936 3070 .·
954 3017 1019 3086 quia
1032 3016 1061 3067 in
1073 3015 1116 3069 his
1130 3023 1195 3070 tem-

152 3104 266 3174 poribus
285 3106 317 3159 vi
336 3107 488 3175 corripitur,
511 3107 629 3160 mutavit
649 3124 750 3161 sonum
772 3107 801 3160 in
818 3123 857 3164 u:
884 3107 912 3160 in
934 3108 1082 3177 praeterito
1103 3116 1195 3161 autem

152 3197 285 3266 perfecto,
313 3206 341 3251 et
367 3199 395 3250 in
421 3197 483 3250 aliis
512 3198 540 3250 in
567 3197 668 3267 quibus
697 3197 865 3268 producitur,
894 3199 1048 3252 naturalem
1075 3199 1196 3252 servavit

152 3305 259 3354 sonum,
284 3298 314 3342 ut
336 3289 409 3354 vidi,
434 3289 575 3354 videram,
601 3290 748 3356 vidissem,
773 3290 880 3344 videre.
928 3290 1059 3344 Similiter
1085 3292 1193 3344 vilium

152 3388 241 3433 mutat
260 3397 367 3446 sonum,
389 3382 455 3450 quia
475 3381 638 3450 corripitur;
659 3383 723 3436 vita
744 3390 837 3436 autem
857 3398 913 3435 non
932 3390 1029 3447 mutat,
1050 3383 1116 3452 quia
1134 3399 1195 3451 pro

152 3471 268 3524 ducitur.
311 3471 442 3526 Similiter
462 3474 523 3526 vim
545 3482 634 3527 mutat
653 3475 720 3543 quia
739 3473 893 3542 corripitur,
908 3475 1006 3526 vimen
1027 3481 1119 3526 autem
1139 3490 1195 3527 non

152 3572 240 3617 mutat
260 3563 326 3633 quia
345 3564 513 3632 producitur.
555 3565 686 3619 Similiter
706 3567 803 3620 viret
822 3567 906 3636 virgo
926 3573 1041 3631 mutant,
1057 3566 1122 3634 quia
1138 3582 1195 3618 cor-

151 3654 304 3723 ripiuntur:
328 3657 415 3709 virus
434 3665 526 3710 autem
549 3665 577 3710 et
598 3658 678 3710 vires
698 3674 754 3710 non
774 3664 890 3722 mutant,
911 3656 977 3727 quia
996 3656 1193 3725 producuntur.

159 3747 214 3800 Vix
230 3755 346 3811 mutant,
369 3748 433 3816 quia
453 3748 617 3817 corripitur:
641 3749 710 3802 vixi
727 3765 783 3801 non
804 3756 924 3810 mutant,
942 3749 1015 3813 quia
1028 3747 1215 3810 moenem,
