2596 4124
108 389 141 438 26
232 389 309 437 THE
331 388 474 437 ROMAN
492 387 820 436 PRONUNCIATION
839 388 888 437 OF
905 389 1034 436 LATIN.

152 557 295 614 Donatus
310 573 381 633 says
396 553 464 613 that
478 552 541 612 this
556 553 644 612 nasal
659 554 761 613 sound
772 554 805 612 of
818 568 840 611 n
855 554 967 614 should
982 555 1021 613 be
1036 505 1153 615 strenu-

109 655 198 733 ously
213 653 365 714 observed
380 676 386 712 :

156 789 228 859 [Keil.
238 811 259 839 v.
272 798 310 839 1v.
321 812 343 850 p.
353 787 412 858 442]
454 784 527 838 Illud
540 785 785 839 vehementissime
799 785 949 840 observare
965 784 1108 852 debemus,
1123 794 1154 840 ut

109 894 159 931 con
180 885 208 930 et
227 879 259 930 in
279 876 462 947 quotiensque
483 883 548 944 post
567 893 598 930 se
617 874 724 930 habent
743 891 759 930 s
778 876 823 930 vel
838 875 853 931 f
867 876 995 942 litteram,
1009 876 1153 931 videamus

110 967 345 1039 quemadmodum
358 967 578 1036 pronuntientur.
619 966 785 1036 Plerumque
803 967 876 1020 enim
896 981 952 1021 non
972 961 1153 1022 observantes

110 1061 138 1112 in
152 1059 343 1113 barbarismos
356 1059 528 1112 incurrimus.

152 1199 200 1261 Gn
214 1201 246 1260 in
261 1201 314 1261 the
329 1200 542 1260 terminations
553 1221 640 1276 gnus,
653 1220 725 1276 gna,
736 1221 839 1276 gnum,
855 1202 921 1275 has,
938 1203 1104 1280 according
1121 1212 1153 1261 to

112 1301 257 1377 Priscian,
275 1302 326 1360 the
341 1320 444 1377 power
458 1311 490 1360 to
505 1301 652 1378 lengthen
668 1302 720 1360 the
735 1301 936 1378 penultimate
951 1302 1055 1362 uowel.

157 1434 238 1504 [Prisc.
250 1434 284 1504 1.]
325 1432 409 1485 Gnus
420 1449 538 1502 quoque,
549 1432 594 1486 vel
599 1450 670 1504 gna,
681 1431 726 1486 vel
730 1450 834 1504 gnum,
845 1433 1030 1499 terminantia,
1042 1433 1154 1504 longam

111 1522 219 1578 habent
237 1522 365 1576 vocalem
384 1522 583 1592 penultimam
609 1535 640 1577 ut
660 1539 677 1576 a
696 1540 790 1595 regno,
811 1541 954 1595 regnum
973 1541 990 1577 a
1009 1531 1060 1590 sto,
1081 1532 1154 1596 stag·

112 1632 201 1678 num,·
222 1603 239 1666 a
251 1614 324 1680 bene,
338 1614 498 1686 benignus,-
518 1631 535 1667 a
548 1614 632 1680 male,
647 1615 817 1688 malignum·
837 1614 874 1669 ab
889 1615 985 1681 abiete,
999 1616 1154 1689 abiegnus,·

108 1707 291 1778 privignum
310 1706 459 1777 Pelignus.

155 1815 308 1895 (Perhaps
323 1816 376 1874 the
392 1815 489 1892 liquid
505 1816 614 1890 sound,
632 1836 666 1876 as
682 1817 713 1875 in
728 1817 842 1898 corion.)

153 1962 221 2024 Pis
235 1965 436 2042 pronounced
451 1984 485 2024 as
501 1965 532 2023 in
549 1965 686 2042 English.

157 2094 294 2167 [Maevict.
323 2107 381 2149 Keil.
390 2121 411 2149 v.
422 2108 462 2150 V1.
471 2121 493 2160 p.
504 2099 551 2168 32.]
590 2096 615 2150 Ε
638 2095 740 2166 quibus
761 2097 780 2152 b
801 2105 828 2150 et
848 2112 868 2166 p
890 2097 998 2151 litterae
1019 2137 1025 2150 .
1047 2137 1053 2150 .
1075 2137 1081 2149 .
1103 2096 1155 2150 dis

112 2187 173 2258 pari
186 2187 258 2241 inter
271 2203 301 2241 se
315 2187 371 2241 oris
382 2186 473 2241 officio
483 2187 679 2256 exprimuntur.
714 2189 790 2242 Nam
800 2188 890 2256 prima
900 2187 1014 2257 exploso
1029 2205 1044 2242 e
1057 2188 1156 2242 mediis

112 2278 195 2333 labiis
208 2295 296 2345 sono;
316 2294 445 2348 sequens,
455 2295 616 2348 compresso
629 2295 685 2344 ore,
696 2278 773 2333 velut
785 2279 934 2333 introrsum
948 2287 1068 2333 attracto
1077 2280 1156 2334 vocis

113 2370 178 2435 ictu,
193 2369 352 2441 explicatur.

155 2510 180 2588 Q
194 2513 251 2572 has
266 2513 320 2571 the
336 2513 437 2572 sound
452 2514 486 2572 oi
500 2513 629 2590 English
643 2527 664 2587 q
678 2513 711 2572 in
726 2514 778 2573 the
794 2514 894 2574 words
913 2516 1004 2591 quire,
1020 2516 1112 2591 quick.

156 2611 293 2671 Priscian
310 2631 400 2691 says:

160 2747 232 2817 [Keil.
242 2768 263 2794 v.
275 2753 307 2795 11.
317 2766 339 2805 p.
352 2747 397 2816 xa]
436 2744 467 2799 Κ
480 2745 554 2798 enim
568 2753 595 2798 et
607 2759 636 2813 q,
652 2745 780 2815 quamvis
793 2746 883 2816 figura
903 2755 931 2800 et
950 2746 1063 2799 nomine
1082 2745 1155 2799 vide

114 2844 195 2889 antur
215 2835 336 2906 aliquam
356 2835 461 2889 habere
480 2834 674 2901 differentiam,
690 2852 754 2890 cum
766 2850 781 2891 c
794 2845 889 2890 tamen
909 2835 1036 2901 eandem,
1051 2844 1108 2889 tam
1127 2835 1156 2888 in

114 2943 184 2980 sono
197 2944 306 2992 vocum,
321 2943 406 2997 quam
420 2927 448 2979 in
461 2934 557 2992 metro,
571 2934 740 2997 potestatem
753 2927 904 2981 continent.

156 3070 229 3129 And
244 3069 353 3147 again:

159 3203 207 3272 [1d.
217 3213 246 3255 ib.
257 3227 278 3265 p.
289 3203 335 3273 m]
377 3202 422 3255 De
435 3215 454 3269 q
467 3217 578 3272 quoque
591 3200 759 3254 sufficienter
768 3216 854 3271 supra
863 3208 1012 3254 tractatum
1023 3209 1073 3267 est,
1085 3216 1157 3272 quae

115 3292 168 3345 nisi
182 3291 299 3346 eandem
312 3293 368 3347 vim
382 3291 499 3346 haberet
511 3307 595 3362 quam
608 3306 632 3347 c.

158 3435 276 3494 Marius
290 3435 469 3494 Victorinus
485 3454 556 3514 says
570 3457 576 3494 :

161 3568 234 3638 [Keil.
244 3593 265 3620 v.
276 3579 316 3619 V1.
326 3592 348 3630 p.
360 3569 393 3639 5.]
435 3542 507 3620 Item
526 3566 681 3635 superfluas
701 3566 839 3637 quasdam
851 3566 979 3622 videntur
998 3568 1123 3631 retinere,
1137 3582 1158 3620 x

115 3666 143 3711 et
155 3659 178 3712 k
190 3666 249 3726 etq
269 3697 275 3709 .
297 3697 303 3710 .
325 3697 331 3709 .
355 3658 410 3710 Pro
422 3658 445 3711 k
457 3665 485 3711 et
501 3671 560 3726 q‚c
579 3657 671 3710 littera
690 3657 822 3712 facillime
841 3656 1008 3725 haberetur3
1027 3674 1048 3712 x
1065 3666 1157 3711 autem

113 3765 166 3819 per
178 3763 193 3804 c
206 3757 235 3803 et
244 3763 269 3803 s.
