2596 4124
123 386 158 437 20
248 387 325 436 THE
346 387 490 436 ROMAN
506 386 833 436 PRONUNCIATION
853 388 902 437 OF
920 389 968 436 LA
975 389 1049 437 ΤΙΝ.

168 554 240 614 And
252 553 425 628 Quintilian
440 554 553 630 speaks
568 555 602 612 oi
615 553 639 613 it
653 572 688 613 as
704 572 818 613 amere
834 553 911 632 sign,
924 555 980 614 but
995 575 1066 634 says
1081 574 1167 617 some
1189 576 1193 591 ·

125 653 216 712 think
229 653 253 712 it
268 653 381 712 should
395 653 435 712 be
450 653 528 712 used
543 654 631 713 when
647 667 668 713 a
682 653 811 727 follows,
828 672 863 713 as
878 653 997 714 initial:

172 788 261 858 [Quint.
273 798 291 838 1.
300 797 330 839 tv.
340 787 375 857 9.]
416 785 455 838 Et
472 786 504 853 Κ,
519 801 592 854 quae
612 785 723 854 etipsa
743 783 918 854 quorundam
938 786 1081 840 nominum
1100 795 1168 841 nota

126 884 176 931 est

167 1004 240 1063 And
252 1027 258 1062 :

171 1137 260 1208 [Quint.
272 1148 290 1189 1.
301 1148 337 1189 vii
350 1137 394 1208 m]
435 1137 512 1190 Nam
530 1137 553 1190 Κ
572 1134 685 1206 quidem
703 1135 732 1188 iu
750 1135 832 1189 nullis
844 1135 939 1190 verbis
952 1135 1086 1191 utendum
1099 1144 1168 1206 puto

125 1227 179 1280 nisi
192 1243 265 1297 quae
277 1227 417 1297 significat
428 1228 511 1281 etiam
525 1236 556 1281 ut
568 1227 629 1280 sola
642 1235 770 1296 ponatur.
804 1210 868 1281 Hoc
882 1244 916 1281 eo
930 1244 986 1281 non
999 1229 1081 1282 omisi
1092 1228 1167 1298 quod

126 1317 240 1389 quidam
260 1334 323 1373 eam
343 1319 472 1389 quotiens
490 1333 509 1373 a
527 1326 660 1388 sequatur
679 1319 866 1387 necessariam
885 1319 1008 1385 credunt,
1023 1336 1087 1373 cum
1101 1319 1138 1372 sit
1153 1334 1168 1375 c

125 1410 225 1476 littera,
240 1426 312 1480 quae
327 1410 363 1463 ad
377 1427 474 1464 omnes
487 1409 599 1464 vocales
611 1409 669 1463 vim
682 1426 762 1463 suam
775 1410 905 1479 perferat.

166 1553 244 1613 This
260 1572 315 1613 use
330 1554 363 1613 of
376 1551 411 1627 k,
425 1573 460 1613 as
475 1572 515 1612 an
530 1552 637 1626 initial,
654 1553 716 1612 and
736 1552 768 1612 in
786 1552 902 1613 certain
917 1553 1026 1627 words,
1042 1573 1104 1613 was
1124 1572 1169 1613 re-

124 1654 242 1732 garded
257 1653 426 1714 somewhat
440 1653 472 1712 in
487 1653 540 1712 the
554 1652 632 1730 light
646 1653 679 1712 oi
693 1671 712 1711 a
726 1653 850 1731 literary
864 1654 992 1732 ‘fancy'
1030 1652 1167 1713 Priscian

126 1773 197 1834 says
213 1754 246 1814 oi
260 1753 302 1813 it:
357 1833 360 1837 Ι

172 1889 244 1958 [Keil.
254 1911 275 1940 v.
287 1898 319 1939 11.
329 1911 351 1950 p.
363 1887 408 1958 m]
449 1886 487 1939 Et
506 1887 529 1940 Κ
549 1884 661 1955 quidem
682 1885 793 1954 penitus
815 1901 988 1954 supervacua
1008 1893 1069 1951 est;
1093 1884 1167 1938 nulla

126 1978 201 2032 enim
219 1976 329 2031 videtur
348 1977 419 2030 ratio
440 1993 489 2030 cur
503 1991 522 2031 a
535 1985 669 2046 sequente
689 1976 760 2030 haec
779 1976 864 2030 scribi
884 1976 1002 2030 debeat:
1024 1976 1168 2048 Carthago

127 2071 200 2124 enim
214 2077 242 2123 et
254 2073 342 2140 caput
357 2068 416 2123 sive
431 2085 481 2138 per
493 2082 508 2123 c
521 2068 580 2122 sive
593 2085 642 2137 per
654 2069 677 2122 Κ
689 2067 847 2122 scribantur
867 2067 970 2120 nullam
990 2068 1097 2121 faciunt
1116 2084 1167 2121 nec

126 2162 155 2215 in
168 2178 238 2216 sono
251 2178 304 2215 nec
318 2161 346 2214 in
360 2168 498 2229 potestate
513 2158 637 2230 ejusdem
651 2160 832 2214 consonantis
846 2158 1041 2213 differentiam.

168 2302 235 2363 Lis
250 2303 451 2382 pronounced
473 2321 507 2362 as
529 2302 561 2361 iu
584 2302 721 2380 English,
739 2303 812 2381 only
826 2321 910 2362 more
933 2302 1091 2380 distinctly
1105 2302 1167 2361 and

126 2405 198 2464 with
219 2404 272 2464 the
294 2413 409 2480 tongue
431 2420 515 2462 more
537 2403 644 2482 nearly
659 2401 868 2480 approaching
889 2402 942 2461 the
961 2402 1055 2461 teeth.
1099 2402 1168 2460 The

127 2504 228 2565 sound
242 2503 269 2563 is
284 2503 356 2563 thus
371 2502 463 2581 given
477 2503 519 2582 by
533 2501 731 2561 Victorinus:

173 2639 245 2709 [Keil.
255 2661 276 2690 v.
287 2648 327 2689 V1.
337 2661 360 2700 p.
370 2636 417 2707 sn]
458 2636 596 2704 Sequetur
609 2635 630 2702 l,
647 2649 718 2703 quae
731 2632 855 2687 validum
870 2634 966 2688 nescio
980 2631 1046 2703 quid
1060 2640 1167 2702 partem

126 2728 213 2798 palati
224 2743 279 2798 qua
292 2726 473 2796 primordium
484 2723 614 2779 dentibus
625 2724 732 2793 superis
746 2732 789 2778 est
801 2724 896 2795 lingua
906 2724 1041 2789 trudente,
1053 2723 1167 2776 diducto

126 2837 173 2875 ore
187 2817 357 2889 personabit

168 2966 227 3023 But
244 2963 268 3022 it
287 2961 386 3020 varies
409 2960 576 3038 according
597 2969 630 3018 to
652 2959 691 3018 its
713 2958 848 3036 position
870 2958 902 3017 in
924 2958 976 3016 the
997 2957 1082 3015 force
1105 2957 1167 3016 and

126 3064 326 3124 distinctness
342 3061 413 3120 with
429 3059 527 3118 which
542 3059 567 3117 it
580 3058 608 3118 is
623 3058 752 3118 uttered.

168 3163 257 3242 Pliny
272 3161 334 3220 and
349 3160 455 3220 others
469 3157 631 3236 recognize
647 3158 733 3216 three
748 3157 876 3234 degrees
891 3157 925 3215 of
938 3157 1042 3214 force:

168 3262 306 3323 Priscian
321 3280 392 3340 says
406 3283 413 3319 ι

170 3393 241 3466 [Keil.
251 3421 272 3447 v.
284 3406 316 3446 11.
327 3419 348 3457 p.
359 3394 406 3464 πᾳ]
446 3391 469 3446 L
487 3389 631 3460 triplicem,
646 3398 676 3443 ut
693 3389 798 3443 Plinius
811 3387 926 3454 videtur,
941 3405 1042 3443 sonum
1061 3387 1167 3442 habet:

127 3486 234 3552 exilem,
248 3482 362 3556 quando
381 3483 539 3554 geminatur
558 3481 682 3536 secundo
700 3480 763 3534 loco
779 3479 879 3549 posita,
894 3487 924 3533 ut
937 3480 994 3545 ille,
1009 3480 1167 3542 Metellus,·

125 3579 246 3649 plenum,
258 3575 372 3648 quando
385 3575 446 3629 finit
459 3574 574 3628 nomina
582 3573 628 3627 vel
641 3572 812 3645 syllabas„et
826 3572 939 3642 quando
950 3572 1071 3642 aliquam
1081 3570 1168 3624 habet

127 3679 191 3724 ante
202 3688 231 3724 se
242 3671 271 3724 in
281 3668 380 3724 eadem
389 3667 500 3740 syllaba
511 3673 720 3730 consonantem,
732 3672 762 3718 ut
771 3664 820 3730 sol,
832 3664 920 3728 silva,
925 3665 1040 3735 flavus,
1049 3662 1167 3724 clarus;

119 3762 245 3814 medium
257 3762 287 3813 in
301 3761 371 3826 aliis,
387 3768 418 3814 ut
431 3760 543 3824 lectum,
558 3759 654 3813 lectus.
