2596 4124
489 390 580 439 »νην
601 390 658 439 ua
684 389 755 439 asa
777 389 826 439 rr.
1144 387 1175 439 21
1205 348 1209 354 ⁴

177 557 350 635 Pompeius,
365 556 397 615 in
412 556 461 617 his
476 556 711 617 commentaries
727 575 768 616 on
784 559 936 629 Donatus,
949 557 1056 616 makes
1072 557 1178 635 nearly

134 656 187 715 the
202 675 286 715 same
302 666 478 730 statement,
494 656 583 715 when
597 656 732 734 treating
746 657 779 717 oi
795 657 967 715 ‘labdace‘sm
978 655 986 685 ²
993 680 1004 714 :

181 774 253 844 [Keil.
263 797 284 825 v.
295 784 321 825 v.
332 797 354 836 p.
365 774 423 844 394]
463 772 686 825 Labdacesmum
707 772 805 826 vitium
818 772 847 824 in
861 788 894 826 eo
908 788 970 825 esse
988 768 1084 826 dicunt
1101 771 1177 842 quod

135 863 234 917 eadem
254 862 345 917 littera
365 863 410 917 vel
431 862 567 930 subtilius,
589 879 607 916 a
626 863 803 934 quibusdam,
824 863 869 917 vel
887 863 1026 934 pinguius,
1048 864 1176 918 ecfertur.

136 956 173 1008 Et
186 971 215 1008 re
230 970 296 1008 vera
311 954 472 1008 alterutrum
485 955 583 1009 vitium
597 955 767 1026 quibusdam
778 954 910 1026 gentibus
924 962 973 1008 est
1015 957 1091 1008 Nam
1112 973 1178 1010 ecce

135 1046 237 1100 Graeci
250 1046 388 1100 subtiliter
401 1046 474 1100 hunc
488 1063 588 1101 sonum
602 1047 736 1101 ecferunt.
774 1045 833 1101 Ubi
847 1045 1027 1100 enimdicunt
1041 1040 1091 1100 e'lle
1103 1048 1180 1102 milti

133 1138 211 1191 dixit
230 1138 270 1192 sic
291 1147 375 1192 sonat
395 1138 468 1192 duae
487 1139 511 1193 ll
530 1139 636 1207 primae
656 1138 782 1210 syllabae
802 1139 883 1209 quasi
899 1155 950 1209 per
964 1155 1048 1192 unum
1062 1140 1074 1193 l
1086 1156 1177 1193 sermo

133 1229 193 1298 ipse
206 1231 348 1283 consistet.
388 1214 493 1284 Contra
513 1230 559 1283 alii
579 1231 620 1284 sic
640 1230 820 1300 pronuntiant
839 1230 889 1283 ille
909 1247 1003 1284 meum
1024 1228 1178 1286 comitatus

134 1323 198 1387 iter,
213 1330 241 1375 et
259 1322 346 1374 illum
364 1338 412 1393 ego
426 1326 485 1392 per
493 1323 640 1392 flammas
658 1323 757 1393 crepui
774 1330 805 1376 ut
824 1320 929 1392 aliquid
946 1321 1001 1376 illic
1018 1324 1080 1376 soni
1093 1325 1177 1377 etiam

120 1413 312 1467 .c0nsonantis
336 1413 499 1467 ammiscere
520 1413 674 1479 videantur,
696 1413 773 1484 quod
793 1414 993 1484 pinguissimae
1014 1415 1177 1484 prolationis

134 1512 183 1558 est.
224 1506 354 1558 Romana
373 1505 468 1575 lingua
487 1505 710 1559 emendationem
730 1504 818 1559 habet
831 1506 859 1558 in
872 1505 927 1560 hoc
942 1523 1052 1576 quoque
1066 1506 1178 1560 distinc-

133 1596 215 1650 tione.
256 1597 283 1648 N
287 1612 331 1648 arn
346 1596 448 1650 alicubi
467 1597 605 1666 pinguius,
621 1596 724 1650 alicubi
737 1595 822 1650 debet
842 1597 947 1663 exilius,
962 1597 1099 1667 proferri:
1119 1598 1178 1667 pin·

132 1688 214 1758 guius
235 1705 298 1741 cum
310 1688 355 1742 vel
367 1688 385 1743 b
398 1688 530 1758 sequitur,
545 1695 576 1740 ut
589 1687 617 1740 in
630 1687 715 1751 alba,·
734 1688 779 1742 vel
791 1702 816 1755 c,
832 1697 862 1742 ut
880 1688 908 1741 in
922 1689 1070 1759 pulchra‚·
1089 1690 1135 1744 vel
1151 1689 1175 1759 f,

132 1787 163 1832 ut
182 1779 211 1831 in
230 1780 344 1849 adelfis;
363 1779 408 1833 vel
422 1794 451 1850 g,
467 1786 498 1833 ut
510 1780 539 1832 in
552 1779 641 1851 alga,·
660 1779 705 1834 vel
718 1794 758 1847 m,
773 1788 804 1833 ut
817 1780 846 1831 in
859 1780 1020 1850 palmeum
1040 1780 1084 1835 vel
1101 1796 1132 1851 p,
1147 1790 1178 1836 ut

132 1870 161 1922 in
173 1871 306 1940 scalpra:
325 1870 423 1924 exilius
438 1879 531 1925 autem
543 1870 712 1941 proferenda
725 1878 768 1925 est
781 1870 948 1941 ubicumque
963 1872 999 1926 ab
1014 1889 1047 1926 ea
1060 1872 1176 1927 verbum

121 1962 246 2031 ·incipit;
266 1970 296 2016 ut
315 1961 344 2014 in
364 1963 464 2032 lepore,
480 1963 558 2028 lana,
573 1962 663 2033 lup0,·
682 1961 727 2016 vel
740 1962 789 2016 ubi
805 1963 834 2016 in
847 1963 946 2018 'eodeni
959 1964 1046 2018 verbo
1060 1973 1089 2019 et
1101 1965 1177 2034 prior

131 2053 240 2124 syllaba
253 2054 282 2106 in
295 2053 348 2108 hac
362 2054 463 2118 finitur,
479 2062 507 2108 et
519 2071 639 2125 sequens
653 2053 690 2108 ab
705 2071 738 2108 ea
752 2055 856 2123 incipit,
871 2065 901 2108 ut
914 2056 964 2109 ille
977 2064 1005 2109 et
1017 2056 1111 2110 Allia

173 2157 211 2255 In
234 2197 364 2256 another
380 2197 468 2274 place
490 2197 530 2256 he
552 2198 666 2274 speaks
681 2197 714 2256 oi
734 2197 788 2256 the
811 2197 955 2258 Africans
971 2218 1005 2258 as
1022 2200 1175 2259 ‘abound-

131 2295 200 2374 ing'
227 2296 258 2354 in
282 2297 343 2356 this
369 2297 446 2368 vice,
470 2297 531 2356 and
557 2298 591 2356 of
614 2297 694 2356 their
715 2297 931 2376 pronouncing
952 2300 1090 2358 Metellus
1111 2300 1174 2359 and

133 2397 272 2455 Catullus
279 2420 291 2465 ,·
313 2398 447 2470 Muclus,
467 2398 612 2456 Catulus:

176 2513 248 2582 [Keil.
259 2536 280 2564 v.
290 2523 317 2564 v.
328 2537 349 2575 p.
360 2513 419 2584 287.]
462 2511 496 2564 ln
509 2511 554 2564 his
571 2510 654 2565 etiam
674 2512 853 2582 agnoscimus
873 2513 998 2584 gentium
1012 2514 1097 2580 vitia;
1117 2514 1174 2569 lah

129 2602 267 2655 dacismis
286 2609 395 2656 scatent
408 2603 481 2668 Afri,
495 2618 558 2656 raro
572 2611 614 2656 est
628 2611 658 2656 ut
672 2603 771 2674 aliquis
792 2603 868 2661 dicat
880 2606 907 2660 1:
931 2622 981 2674 per
999 2607 1142 2677 geminum
1162 2609 1174 2662 l

129 2693 170 2746 sic
195 2693 345 2763 loquuntur
372 2695 500 2759 Romani,
528 2711 625 2748 omnes
653 2695 745 2748 Latini
770 2695 811 2749 sic
840 2695 998 2766 loquuntur,
1028 2698 1171 2764 Catullus,

128 2785 274 2839 Metellus.

170 2908 206 2968 Μ
222 2910 248 2971 is
262 2912 464 2988 pronouneed
479 2931 513 2970 as
529 2911 560 2970 in
577 2911 714 2989 English,
731 2921 841 2990 except
855 2913 962 2974 before
977 2928 1009 2988 q,
1025 2916 1126 2976 where
1148 2916 1172 2976 it

128 3009 185 3069 has
201 3029 219 3068 a
234 3011 321 3071 nasal
336 3011 447 3084 sound‚
464 3010 526 3069 and
540 3011 629 3073 when
643 3011 726 3070 final.
777 3090 779 3094 Α

172 3127 242 3204 [Mar.
253 3138 309 3180 vict.
337 3137 394 3179 Keil.
405 3152 426 3179 v.
437 3138 476 3179 vr.
487 3151 509 3189 p.
520 3127 566 3198 32.]
606 3125 639 3180 Μ
653 3117 794 3195 impressis
807 3127 926 3181 invicem
939 3128 1021 3183 labiis
1034 3131 1170 3202 mugitum

128 3216 268 3286 quendam
281 3217 354 3271 intra
367 3218 423 3270 oris
437 3233 552 3286 specum
566 3217 691 3271 attractis
706 3218 821 3272 naribus
834 3218 920 3273 dabit.

115 3355 116 3359 ’
170 3344 229 3402 But
243 3343 305 3402 this
322 3343 480 3421 ‘mooing’
498 3343 606 3416 sound‚
620 3343 652 3403 in
664 3344 763 3404 which
779 3364 814 3404 so
829 3364 921 3426 many
932 3348 965 3406 of
979 3348 1060 3407 their
1070 3348 1169 3408 words

127 3442 236 3516 ended,
250 3462 312 3502 was
328 3453 383 3502 not
397 3443 569 3521 altogether
583 3442 725 3522 pleasin'g
735 3455 768 3504 to
780 3446 832 3505 the
845 3448 966 3506 Roman
982 3466 1042 3507 ear.
1074 3448 1170 3522 Quin-

124 3541 212 3602 tilian
228 3543 374 3603 exclaims
390 3543 511 3621 against
525 3544 567 3603 it:

174 3665 261 3735 [Quinc
273 3667 415 3737 X11.x.31.]
457 3665 531 3732 Quid
552 3664 627 3735 quod
647 3664 779 3736 pleraque
800 3682 851 3719 nos
871 3665 918 3719 illa
931 3668 1011 3737 quasi
1022 3669 1169 3738 mugiente

124 3751 215 3807 littera
228 3753 366 3808 cludimus
378 3769 419 3824 m,
435 3772 491 3827 qua
505 3755 612 3812 nullum
625 3756 739 3812 Graece
748 3756 877 3812 uerbum
887 3757 979 3810 cadit.
