2596 4124
136 362 170 414 30
261 364 338 413 THE
360 364 503 413 ROMAN
521 365 849 423 PRONUNCIATION
869 366 918 414 OF
936 366 984 413 LA
992 367 1064 414 TJN.

179 533 238 590 But
253 549 298 590 we
314 549 365 590 are
381 531 539 610 expressly
553 531 619 590 told
635 532 702 591 that
716 531 740 591 it
754 531 815 591 had
831 532 884 591 the
897 531 984 592 force
999 533 1061 591 and
1080 533 1181 592 sound

137 630 170 688 of
184 629 236 689 the
253 630 357 690 Greek
370 632 528 706 digamma.

178 732 216 788 In
233 729 352 788 Marius
366 730 545 789 Victorinus
560 749 604 789 we
620 731 702 790 find:

180 860 251 932 [Keil.
262 887 282 914 v.
293 874 333 915 vr.
343 887 365 925 p.
375 866 422 937 nn]
462 863 484 915 F
505 869 598 914 autem
618 861 693 931 apud
713 862 811 916 Aeolis
831 861 976 916 dumtaxat
995 863 1069 917 idem
1087 863 1179 917 valere

136 951 212 1021 quod
227 951 302 1022 apud
322 969 373 1006 nos
394 971 455 1007 vau
476 970 539 1006 cum
559 970 610 1022 pro
629 962 802 1007 consonante
816 952 952 1019 scribitur,
967 954 1118 1025 vocarique
1131 959 1180 1017 βαυ

136 1051 163 1096 et
176 1043 332 1115 digamma.

178 1186 316 1278 Priscian
332 1187 472 1265 explains
487 1207 571 1247 more
586 1188 680 1266 fully:

179 1318 250 1388 [Keil.
261 1346 281 1373 v.
293 1332 324 1372 11.
335 1345 357 1383 p.
369 1325 413 1395 ι5.]
451 1320 478 1376 11
487 1336 553 1374 vero
566 1320 629 1374 loco
640 1320 821 1374 consonantis
834 1321 927 1390 posita
937 1319 1055 1375 eandem
1065 1337 1178 1390 prorsus

135 1410 163 1462 in
177 1410 307 1464 omnibus
320 1411 378 1464 vim
390 1410 491 1465 habuit
504 1410 579 1480 apud
594 1412 710 1465 Latinos
723 1427 807 1481 quam
821 1411 896 1480 apud
912 1411 1009 1465 Aeolis
1021 1412 1177 1484 digamma.

136 1501 218 1555 Unde
239 1517 255 1555 a
274 1502 413 1572 plerisque
433 1503 459 1556 ei
478 1519 580 1556 nornen
599 1502 653 1557 hoc
674 1502 756 1556 datur
775 1502 850 1573 quod
871 1502 945 1572 apud
965 1502 1061 1557 Aeolis
1079 1503 1178 1557 habuit

134 1593 200 1647 olim
217 1613 234 1661 ,c
252 1595 410 1665 digamma,
426 1594 454 1647 id
469 1604 512 1647 est
525 1612 594 1660 vau,
610 1593 646 1648 ab
665 1595 751 1663 ipsius
764 1611 834 1648 voce
853 1595 1010 1664 profectum
1024 1603 1094 1648 teste
1108 1596 1176 1648 Var-

134 1701 200 1739 rone
214 1693 242 1739 et
257 1684 389 1757 Didymo,
405 1684 494 1756 quiid
508 1685 534 1739 ei
547 1702 648 1739 nomen
663 1702 725 1739 esse
739 1686 897 1740 ostendunt.
933 1687 988 1740 Pro
1001 1703 1057 1756 quo
1072 1687 1177 1740 Caesar

133 1775 207 1832 hane
226 1775 243 1823 i
260 1777 378 1847 figuram
398 1776 483 1830 scribi
503 1776 599 1842 voluit,
620 1777 696 1847 quod
717 1777 845 1847 quamvis
868 1777 906 1830 illi
925 1785 1000 1832 recte
1021 1779 1111 1831 visum
1134 1785 1177 1832 est

133 1876 227 1922 tamen
241 1868 415 1922 consuetudo
429 1869 545 1938 antiqua
558 1869 707 1938 superavit.
748 1868 830 1922 Adeo
845 1878 938 1923 autem
951 1868 1005 1923 hoc
1018 1887 1115 1923 verum
1134 1879 1177 1925 est

134 1959 210 2029 quod
223 1976 273 2029 pro
287 1959 405 2013 Aeolico
418 1960 567 2031 digamma
580 1979 597 2027 f
609 1974 629 2015 ιι
645 1960 764 2028 ponitur.

174 2103 266 2161 What
280 2103 432 2163 thenwas
447 2103 500 2161 the
515 2102 616 2161 sound
632 2102 665 2161 of
685 2101 747 2160 this
763 2102 872 2161 Aeolic
886 2104 1033 2176 digamma
1048 2122 1083 2161 or
1097 2105 1175 2178 ssao?

175 2201 312 2261 Priscian
328 2222 418 2281 says:

176 2333 247 2403 [Keil.
258 2360 278 2386 v.
291 2347 321 2386 11.
332 2360 354 2397 p.
365 2338 408 2409 nn]
446 2353 463 2401 f
487 2332 633 2387 Aeolicum
659 2333 815 2403 digamma,
840 2332 916 2403 quod
942 2332 1017 2402 apud
1043 2334 1175 2404 antiquis

131 2425 218 2478 simos
240 2426 401 2478 Latinorum
422 2424 539 2478 eandem
558 2425 615 2477 vim
635 2441 718 2494 quam
740 2423 814 2493 apud
835 2423 933 2477 Aeolis
953 2423 1060 2478 habuit.
1101 2425 1174 2479 Eum

132 2525 225 2570 autem
245 2533 332 2586 prope
352 2532 452 2569 sonum
471 2533 554 2586 quem
574 2532 647 2569 nunc
667 2514 754 2569 habet
768 2515 945 2586 significabat
957 2530 976 2585 p
990 2533 1054 2569 cum
1072 2517 1174 2586 aspira-

131 2609 214 2674 tione,
229 2609 302 2662 sicut
315 2608 399 2660 etiam
416 2607 492 2676 apud
505 2615 613 2661 veteres
630 2608 755 2661 Graecos
769 2624 820 2677 pro
840 2615 859 2668 φ
876 2627 895 2656 a
913 2615 941 2661 et
963 2613 987 2674 ις
1008 2608 1080 2662 unde
1100 2625 1174 2662 nunc

131 2717 241 2770 quoque
267 2700 296 2752 in
323 2699 439 2752 Graecis
465 2697 626 2752 nominibus
652 2699 796 2768 antiquam
822 2699 988 2768 scripturam
1020 2715 1172 2765 servamus,

130 2808 181 2860 pro
201 2801 221 2854 φ
240 2806 259 2861 p
280 2798 307 2844 et
325 2792 346 2844 h
365 2799 510 2860 ponentes,
528 2798 559 2844 ut
579 2789 720 2861 Orpheus,
740 2790 898 2845 Phaethon.
940 2791 1042 2844 Postea
1058 2807 1124 2844 vero
1145 2790 1173 2842 in

132 2883 240 2936 Latinis
257 2881 351 2936 verbis
371 2881 476 2950 placuit
492 2896 579 2951 prop
598 2882 672 2949 eth,
689 2880 704 2935 f
722 2880 814 2945 scribi,
830 2889 861 2934 ut
870 2880 1171 2952 fama,filias,facia,

130 2972 192 3027 loco
216 2981 309 3026 autem
328 2973 479 3044 digamma
499 2987 519 3028 ιι
542 2988 593 3041 pro
617 2979 796 3036 consonante,
819 2971 895 3041 quod
918 2971 1085 3040 cognatione
1111 2971 1172 3024 soni

129 3064 277 3118 videbatur
291 3063 380 3116 affinis
394 3079 456 3116 esse
469 3063 619 3134 digamma
634 3078 667 3116 ea
680 3061 778 3115 littera.

170 3224 238 3283 The
251 3223 341 3282 Latin
357 3238 380 3282 u
394 3231 567 3282 consonant
582 3222 608 3281 is
623 3221 696 3280 here
712 3220 872 3300 asaneay
883 3220 984 3280 stated
996 3229 1028 3279 to
1043 3221 1083 3280 be
1099 3221 1170 3279 aran
1219 3196 1222 3201 ’

128 3333 161 3383 to
176 3324 228 3383 the
244 3323 348 3383 Greek
362 3324 510 3396 digamma
527 3320 574 3401 (f)
592 3320 623 3379 in
639 3321 749 3379 sound.

171 3425 248 3482 Now
273 3422 326 3481 the
352 3423 439 3481 office
465 3421 498 3480 of
521 3421 575 3480 the
600 3421 704 3481 Greek
726 3422 874 3494 digamma
899 3439 961 3479 was
991 3420 1170 3499 apparently

128 3522 287 3582 manirold.
332 3524 363 3581 It
385 3522 476 3581 stood
497 3522 546 3579 for
567 3545 590 3594 ς,
611 3520 742 3600 ss(Eng.
758 3519 805 3600 v),
822 3545 849 3598 γ,
865 3545 893 3598 χ,
912 3525 944 3594 φ,
965 3520 1026 3578 and
1048 3520 1096 3578 for
1117 3519 1169 3578 the

127 3622 307 3700 breathings
324 3621 455 3698 ‘rough’
472 3620 535 3679 and
551 3620 711 3680 ‘smooth’
757 3619 941 3678 Sometimes
953 3619 1005 3678 the
1021 3620 1122 3678 sound
1137 3619 1171 3676 of

127 3723 180 3784 the
194 3724 344 3799 digamma
360 3721 386 3780 is
400 3720 501 3798 given,
514 3740 559 3778 we
575 3739 627 3779 are
642 3719 716 3792 told,
729 3720 830 3778 where
846 3720 898 3778 the
913 3719 1073 3778 character
1087 3717 1171 3777 itself
