2596 4124
481 381 572 430 WHY
592 381 650 430 WE
676 381 747 430 USE
769 381 818 431 IT.
1035 425 1038 428 .
1137 381 1171 432 39

170 545 202 600 lt
216 562 335 616 quoque,
349 544 394 599 vel
409 560 439 614 p,
454 545 498 599 vel
511 551 536 613 t,
551 546 580 599 in
598 544 771 615 simplicibus
791 545 969 612 dictionibus,
983 546 1008 600 si
1021 545 1170 600 antecedat

126 652 152 704 e,
168 635 292 706 ejusdem
307 644 349 690 est
362 636 496 706 syllabae,
511 644 542 690 ut
553 654 666 701 cosmos,
675 638 856 707 perspirare,
871 638 961 691 testis.

173 727 207 785 Iu
220 727 435 781 semivocalibus
449 727 573 782 similiter
585 736 651 781 sunt
660 722 866 797 praepositivae
880 728 941 781 aliis
954 728 1170 782 semivocalibus

125 818 154 871 in
168 817 266 872 eadem
280 817 389 890 syllaba
401 837 408 883 3
428 827 458 872 ut
471 833 501 872 m
515 827 648 888 sequente
661 833 691 887 n,
708 827 738 871 ut
750 820 908 884 Mnesteus,
923 821 1028 873 amnis.

168 944 253 1004 Each
268 945 359 1003 letter
369 945 426 1003 has
442 944 482 1004 its
499 944 608 1019 ‘time,’
625 963 659 1003 or
676 944 800 1004 ‘times’
837 944 925 1004 Thus
941 964 959 1003 a
973 946 1059 1005 short
1073 946 1170 1005 vowel

114 1043 183 1103 'has
195 1044 247 1102 the
260 1044 333 1103 time
349 1044 382 1102 of
396 1062 455 1102 one
470 1044 543 1103 beat
557 1044 681 1125 (mora);
704 1064 722 1102 a
737 1045 811 1122 long
822 1045 926 1117 vowel,
940 1045 973 1103 oi
986 1055 1046 1104 two
1061 1046 1168 1117 beats;

128 1162 145 1202 a
164 1143 262 1221 single
285 1153 467 1216 consonant,
484 1143 517 1203 of
536 1162 555 1202 a
574 1143 639 1201 halt
654 1145 745 1216 beat3
769 1145 916 1204 adouble
939 1146 1171 1218 consonantes

127 1262 186 1303 oue
208 1244 289 1303 beat.
334 1229 569 1321 Theoretically,
586 1243 748 1316 therefore,
765 1263 784 1302 a
799 1243 929 1322 syllable
951 1263 1020 1323 may
1039 1244 1118 1303 have
1135 1264 1170 1304 as

123 1361 220 1421 -many
237 1362 272 1402 as
293 1344 388 1415 three,
400 1362 444 1401 =0r
465 1362 543 1402 even
565 1344 644 1416 four,
660 1352 809 1419 tempora,·
831 1345 887 1402 but
904 1344 1085 1423 practically
1098 1345 1171 1423 only

127 1452 187 1502 two
202 1462 254 1502 are
269 1443 462 1521 recognized.
504 1443 555 1502 All
570 1463 644 1502 over
658 1453 717 1502 two
733 1462 784 1502 are
800 1444 1001 1522 disregarded
1016 1445 1078 1503 and
1093 1446 1170 1503 each

127 1543 256 1621 syllable
271 1542 297 1602 is
312 1543 423 1622 simply
438 1543 573 1602 counted
589 1544 710 1602 ‘short'
728 1543 801 1624 (one
817 1544 904 1625 beat)
921 1562 956 1602 or
973 1543 1079 1621 ‘long'
1097 1543 1171 1624 (two

127 1643 242 1724 beats).
278 1650 280 1653 ’

171 1741 310 1801 Priscian
324 1762 395 1822 says
410 1766 416 1802 :

176 1859 247 1930 [Keil.
258 1884 279 1911 v.
291 1870 322 1911 11.
333 1884 354 1922 p.
366 1860 411 1930 52]
454 1858 487 1911 In
506 1857 598 1928 longis
617 1867 717 1911 natura
734 1858 779 1912 vel
798 1859 936 1928 positione
953 1858 1009 1912 duo
1027 1868 1092 1912 sunt
1106 1868 1171 1913 tem·

128 1965 205 2018 pora,
220 1957 250 2002 ut
262 1949 305 2015 do,
319 1967 389 2012 ars,·
410 1948 466 2002 duo
479 1950 572 2014 semis,
588 1950 701 2019 quando
718 1958 783 2019 post
795 1949 921 2003 vocalem
942 1959 1040 2003 natura
1056 1950 1170 2021 longam

128 2057 184 2094 una
203 2041 327 2110 sequitur
340 2057 507 2107 consonans,
522 2049 552 2094 ut
565 2041 626 2104 sol,·
646 2042 706 2106 tria,
722 2041 834 2111 quando
855 2049 920 2111 post
932 2041 1058 2096 vocalem
1072 2052 1170 2095 natura

127 2130 240 2203 longam
254 2133 326 2186 duae
339 2141 527 2186 consonantes
541 2141 701 2203 sequuntur,
715 2133 760 2187 vel
774 2150 829 2186 una
842 2132 953 2202 duplex,
966 2141 996 2186 ut
1009 2151 1098 2198 mons,
1111 2152 1169 2187 rex.

128 2225 236 2278 Tamen
250 2225 278 2277 in
292 2232 380 2278 metro
399 2241 513 2278 necesse
527 2233 570 2278 est
583 2240 808 2294 unamquamque
822 2223 960 2295 syllabam
973 2224 1021 2278 vel
1032 2225 1112 2278 unius
1125 2225 1170 2278 vel

127 2315 244 2370 duorum
258 2316 348 2385 accipi
361 2323 523 2385 temporum.
703 2323 705 2327 “
1160 2329 1162 2334 ’

576 2445 717 2502 Accitur.

168 2575 237 2634 The
259 2575 479 2652 grammarians
505 2576 559 2634 tell
585 2595 621 2634 us
646 2576 714 2634 that
740 2594 831 2654 every
852 2575 980 2654 syllable
1002 2577 1059 2635 has
1082 2578 1169 2637 three

127 2674 328 2747 dimensione,
352 2674 467 2751 length,
489 2674 621 2734 breadth
643 2676 705 2734 and
727 2675 842 2752 height,
866 2693 902 2733 or
923 2683 1011 2748 tenor,
1035 2677 1167 2751 spirtius,

126 2782 236 2849 tempus
247 2798 257 2833 .-

173 2874 245 2945 [Keil.
257 2864 472 2945 Supp.p.xv111.]
514 2873 611 2927 Habet
634 2873 717 2926 etiam
743 2889 928 2943 unaquaeque
951 2873 1059 2945 syllaba
1081 2875 1168 2928 altitu-

126 2962 228 3030 dinem,
240 2963 414 3018 latitudinem
428 2972 456 3017 et
468 2963 687 3034 longitudinem'3
712 2963 884 3017 altitudinem
898 2964 926 3016 in
940 2972 1035 3017 tenore
1047 2983 1054 3031 3
1072 2966 1169 3019 crassi-

126 3054 250 3109 tudinem
262 3056 306 3109 vel
319 3055 501 3121 latitudinem,
516 3055 545 3107 in
558 3055 671 3124 spiritu;
691 3053 892 3125 longitudinem
905 3055 934 3108 in
947 3063 1079 3125 tempore.

168 3181 339 3242 Diomedes·
351 3201 422 3261 says
437 3205 443 3242 :

171 3299 244 3369 [Keil.
254 3323 275 3350 v.
286 3311 305 3351 1.
315 3323 337 3361 p.
347 3300 406 3370 tra]
445 3299 587 3351 Accentus
611 3304 654 3351 est
676 3295 766 3350 dictus
790 3294 827 3350 ab
840 3296 1012 3363 accinendn,
1035 3298 1111 3368 quod
1133 3299 1169 3352 sit

125 3389 205 3458 quasi
225 3388 338 3458 quidam
358 3388 491 3459 cujusque
511 3374 636 3460 syllabae
656 3395 763 3442 cantus.

167 3516 239 3574 And
256 3514 385 3576 Cicero:

171 3615 394 3686 [eic.0exvl11.]
436 3614 503 3684 Ipsa
516 3614 588 3668 enim
602 3620 710 3678 natura,
725 3613 805 3684 quasi
826 3612 1013 3668 modularetur
1026 3613 1167 3686 hominem

124 3705 286 3770 orationem,
302 3705 330 3758 in
343 3705 420 3758 omni
431 3704 519 3760 verbo
531 3705 626 3776 posuit
639 3714 750 3759 acutam
763 3720 869 3771 vocem,
884 3721 936 3758 nec
956 3723 1011 3759 una
1030 3706 1100 3775 plus,
1115 3724 1167 3762 nec

125 3811 142 3848 a
154 3805 297 3864 postrema
309 3795 420 3868 syllaba
434 3797 504 3851 citra
516 3789 637 3852 tertiam.
1013 3790 1017 3797 ⁸
