2596 4124
128 377 160 427 14
251 378 328 427 THE
350 378 493 426 ROMAN
511 378 837 428 PRONUNCIATION
857 378 906 426 OF
923 378 1051 444 Lam.

170 544 288 605 Marius
304 545 482 605 Victorinus
504 563 574 624 says
596 545 663 604 that
683 541 699 603 f
720 563 783 604 was
805 545 882 604 used
904 544 936 603 in
958 544 1049 604 Latin
1068 545 1168 605 words

127 663 162 703 as
176 642 221 716 ph
236 644 267 702 in
282 645 411 722 foreign.

169 744 338 804 Diomedes
355 743 402 824 (of
416 745 469 805 the
484 745 588 804 fourth
603 744 744 826 century)
761 763 832 823 says
847 744 899 803 the
914 762 1019 803 same:

171 894 257 965 [Diem.
286 905 344 947 Keil.
354 919 375 946 v.
387 907 405 946 1.
416 919 437 957 p.
448 896 507 966 aa]
550 892 584 946 Id
597 892 651 947 hoc
665 893 736 946 scire
749 891 884 946 debemus
894 891 969 962 quod
982 891 997 946 f
1009 891 1168 946 litteratum

127 984 257 1038 scribitur
270 1002 333 1039 cum
348 985 448 1038 Latina
461 985 546 1039 dictio
565 983 703 1049 scribitur,
718 992 749 1037 ut
753 984 843 1054 felix.
884 985 912 1036 N
915 983 1004 1069 am0si
1023 983 1169 1054 peregrina

127 1076 217 1142 luerit,
231 1092 251 1145 p
265 1078 325 1130 eth
338 1074 493 1141 scribimus,
508 1084 538 1129 ut
550 1076 688 1141 Phoebus,
703 1075 861 1129 Phaethon.

168 1236 242 1296 And
257 1235 395 1294 Priscian
411 1235 517 1295 makes
534 1254 552 1294 a
567 1234 683 1295 similar
697 1243 883 1294 statement:

173 1386 254 1455 [Prisc.
282 1395 339 1437 Keil.
349 1410 370 1437 v.
382 1396 400 1438 1.
411 1385 487 1456 p.35.]
527 1383 550 1438 F
572 1382 665 1436 multis
687 1381 778 1436 modis
798 1390 874 1436 muta
894 1383 984 1452 magis
1005 1382 1167 1448 ostenditur,

127 1491 191 1529 cum
203 1490 287 1544 prop
301 1483 329 1529 et
342 1475 519 1545 aspiratione,
534 1491 606 1545 quae
619 1473 744 1528 similiter
757 1482 835 1527 muta
847 1482 897 1539 est,
913 1473 1054 1543 accipitur.

169 1640 260 1697 From
275 1638 327 1697 the
342 1638 500 1715 following
510 1638 609 1697 words
625 1639 658 1697 oi
673 1637 845 1711 Quintilian
860 1656 905 1696 we
920 1655 990 1717 may
1003 1637 1099 1716 judge
1114 1638 1168 1696 the

126 1737 291 1814 breathing
305 1746 337 1795 to
352 1738 431 1797 have
445 1739 526 1797 been
542 1738 626 1814 quite
641 1738 860 1814 pronounced:

173 1888 263 1958 [Quint.
272 1898 327 1939 ΧΗ.
338 1911 359 1939 x.
369 1887 416 1957 η]
458 1887 533 1938 Nam
547 1894 575 1940 et
588 1885 635 1939 illa
651 1902 723 1955 quae
742 1894 785 1940 est
800 1894 879 1939 sexta
899 1894 1063 1951 nostrarum,
1077 1902 1168 1955 paene

126 1992 183 2030 non
202 1977 325 2030 humana
344 1992 421 2042 voce,
436 1976 480 2030 vel
500 1977 613 2031 omnino
633 1994 689 2031 non
708 1994 786 2042 voce,
806 1978 900 2047 potius
919 1977 990 2030 inter
1008 1976 1168 2030 discrimina

126 2067 251 2122 dentium
272 2067 392 2122 efflanda
415 2076 466 2133 est,
487 2085 559 2138 quae
580 2069 664 2122 etiam
687 2085 750 2123 cum
771 2069 898 2122 vocalem
918 2069 1045 2138 proxima
1066 2069 1169 2138 accipit

126 2176 230 2230 quassa
249 2158 464 2229 quodammodo,
480 2161 574 2231 utique
587 2160 715 2230 quotiens
734 2160 855 2230 aliquam
874 2169 1076 2215 consonantem
1095 2160 1168 2212 iran-

124 2251 174 2321 giu
189 2251 260 2304 utin
274 2250 327 2304 hoc
341 2251 403 2320 ipso
408 2253 539 2323 frangit,
554 2251 641 2306 multo
655 2252 686 2306 fit
698 2251 843 2306 horridior.

167 2424 205 2501 G,
222 2446 262 2486 no
282 2426 345 2487 less
365 2428 441 2486 than
461 2441 489 2502 c,
506 2447 637 2506 appears
658 2437 691 2488 to
714 2429 793 2488 have
813 2429 876 2489 had
896 2428 953 2488 but
974 2447 1034 2488 one
1056 2402 1165 2502 sound,

124 2526 178 2585 the
193 2527 279 2600 hard,
296 2546 331 2586 as
346 2527 378 2585 in
393 2527 446 2586 the
462 2527 592 2605 English
606 2529 691 2587 word
701 2537 758 2604 get.

171 2677 240 2746 [Mar.
252 2687 308 2728 vict.
335 2687 393 2729 Keil.
403 2701 423 2729 v.
434 2688 474 2730 v1.
485 2701 507 2740 p.
517 2679 564 2748 μ]
604 2677 624 2732 C
637 2677 721 2730 etiam
735 2684 763 2731 et
774 2691 805 2746 g,
817 2685 847 2731 ut
859 2693 945 2747 supra
957 2677 1085 2747 scriptae,
1097 2692 1167 2731 sono

125 2766 276 2834 proximae,
291 2766 348 2820 oris
367 2767 508 2821 molimine
528 2768 644 2838 nisuque
665 2767 839 2822 dissentiunt.
880 2770 956 2820 Nam
969 2783 984 2823 e
996 2767 1110 2821 reducta
1129 2768 1167 2819 in-

125 2865 245 2911 trorsum
264 2857 368 2928 lingua,
383 2858 448 2912 hinc
469 2867 552 2929 atque
573 2859 638 2912 hine
658 2859 777 2913 molares
796 2875 906 2930 urgens,
921 2858 1081 2912 haerentem
1095 2858 1167 2911 intra

125 2964 157 3002 os
171 2965 270 3003 sonum
283 2949 361 3003 vocis
374 2948 515 3004 excludit:
535 2965 555 3020 g
568 2950 624 3003 vim
638 2949 746 3020 prioris,
761 2950 822 3019 pari
834 2950 946 3020 linguae
961 2947 1059 3002 habitu
1071 2949 1166 3017 palato

125 3054 286 3110 suggerens,
300 3040 389 3094 lenius
402 3039 500 3095 reddit.

166 3216 335 3276 Diomedes
357 3217 471 3294 speaks
491 3218 524 3276 of
543 3231 563 3291 g
583 3235 617 3276 as
638 3235 656 3275 a
674 3235 740 3276 new
755 3224 936 3290 consonant,
952 3216 1056 3276 whose
1077 3217 1166 3295 place

124 3315 186 3374 had
201 3315 309 3375 earlier
323 3317 403 3376 been
419 3316 503 3377 filled
518 3318 559 3396 by
573 3331 606 3375 c:

169 3465 242 3534 [Keil.
252 3488 273 3516 v.
285 3475 302 3516 1.
313 3488 335 3525 p.
345 3466 404 3535 423.]
437 3464 462 3520 G
475 3480 549 3518 nova
559 3472 602 3518 est
612 3480 780 3529 consonans,
792 3465 820 3517 in
833 3463 912 3535 cujus
924 3464 1016 3519 locum
1029 3479 1044 3520 c
1057 3464 1166 3519 solebat

123 3552 236 3622 adponi,
251 3554 324 3608 sicut
336 3553 475 3624 hodieque
495 3568 559 3609 cum
578 3556 682 3610 Gaium
701 3565 830 3610 notamus
846 3557 1004 3622 Caesarem,
1019 3556 1165 3610 scribimus

121 3645 152 3701 (2.
164 3645 209 3713 0.,
224 3645 342 3715 ideoque
362 3645 447 3699 etiarn
461 3655 526 3715 post
537 3646 556 3701 b
568 3646 697 3712 litteram,
713 3648 740 3701 id
755 3655 798 3701 est
811 3649 893 3702 tertio
905 3647 976 3713 loco,
991 3646 1101 3718 digesta
1114 3655 1164 3714 est,

121 3743 153 3789 ut
166 3735 242 3804 apud
256 3737 381 3792 Graecos
394 3757 413 3802 γ
426 3738 519 3808 posita
531 3738 667 3809 reperitur
680 3739 708 3792 in
722 3755 755 3794 eo
769 3739 841 3794 loco.
