<?xml version="1.0" encoding="UTF-8"?>
<!DOCTYPE html PUBLIC "-//W3C//DTD XHTML 1.0 Transitional//EN"
    "http://www.w3.org/TR/xhtml1/DTD/xhtml1-transitional.dtd">
<html xmlns="http://www.w3.org/1999/xhtml" xml:lang="en" lang="en">
 <head>
  <title>
</title>
<meta http-equiv="Content-Type" content="text/html;charset=utf-8" />
  <meta name='ocr-system' content='tesseract 3.04.00' />
  <meta name='ocr-capabilities' content='ocr_page ocr_carea ocr_par ocr_line ocrx_word'/>
</head>
<body>
  <div class='ocr_page' id='page_1' title='image "./romanpronunciat00lordgoog_0017.png"; bbox 0 0 2596 4124; ppageno 0'>
   <div class='ocr_carea' id='block_1_1' title="bbox 128 368 1051 418">
    <p class='ocr_par' dir='ltr' id='par_1_1' title="bbox 128 368 1051 418">
     <span class='ocr_line' id='line_1_1' title="bbox 128 368 1051 418; baseline 0 -2"><span class='ocrx_word' id='word_1_1' title='bbox 128 368 145 416; x_wconf 87' lang='lat'>4</span> <span class='ocrx_word' id='word_1_2' title='bbox 250 369 327 416; x_wconf 82' lang='lat' dir='ltr'><strong>THE</strong></span> <span class='ocrx_word' id='word_1_3' title='bbox 350 369 493 416; x_wconf 85' lang='lat' dir='ltr'><em>ROMAN</em></span> <span class='ocrx_word' id='word_1_4' title='bbox 510 369 838 418; x_wconf 85' lang='lat' dir='ltr'><em>PRONUNCIATION</em></span> <span class='ocrx_word' id='word_1_5' title='bbox 857 370 906 417; x_wconf 88' lang='lat' dir='ltr'><strong>OF</strong></span> <span class='ocrx_word' id='word_1_6' title='bbox 924 370 1051 417; x_wconf 83' lang='lat' dir='ltr'><em>LATIN.</em></span> 
     </span>
    </p>
   </div>
   <div class='ocr_carea' id='block_1_2' title="bbox 131 533 1175 695">
    <p class='ocr_par' dir='ltr' id='par_1_2' title="bbox 131 533 1175 695">
     <span class='ocr_line' id='line_1_2' title="bbox 176 533 1175 606; baseline 0.006 -20"><span class='ocrx_word' id='word_1_7' title='bbox 176 536 224 606; x_wconf 78' lang='lat' dir='ltr'><strong>[Id.</strong></span> <span class='ocrx_word' id='word_1_8' title='bbox 233 545 263 587; x_wconf 83' lang='lat' dir='ltr'><strong>ib.</strong></span> <span class='ocrx_word' id='word_1_9' title='bbox 273 546 302 586; x_wconf 82' lang='lat' dir='ltr'><strong>vi.</strong></span> <span class='ocrx_word' id='word_1_10' title='bbox 312 535 346 606; x_wconf 80' lang='lat'><strong>9.]</strong></span> <span class='ocrx_word' id='word_1_11' title='bbox 380 533 403 589; x_wconf 95' lang='lat'>0</span> <span class='ocrx_word' id='word_1_12' title='bbox 413 533 527 604; x_wconf 87' lang='lat' dir='ltr'><strong>longum</strong></span> <span class='ocrx_word' id='word_1_13' title='bbox 539 542 639 599; x_wconf 92' lang='lat' dir='ltr'><strong>autem,</strong></span> <span class='ocrx_word' id='word_1_14' title='bbox 651 535 787 604; x_wconf 88' lang='lat' dir='ltr'><strong>protrusis</strong></span> <span class='ocrx_word' id='word_1_15' title='bbox 797 534 888 600; x_wconf 89' lang='lat' dir='ltr'><strong>labiis,</strong></span> <span class='ocrx_word' id='word_1_16' title='bbox 899 535 970 590; x_wconf 88' lang='lat' dir='ltr'><strong>rictu</strong></span> <span class='ocrx_word' id='word_1_17' title='bbox 980 536 1068 601; x_wconf 89' lang='lat' dir='ltr'><strong>tereti,</strong></span> <span class='ocrx_word' id='word_1_18' title='bbox 1079 535 1175 606; x_wconf 89' lang='lat' dir='ltr'><strong>lingua</strong></span> 
     </span>
     <span class='ocr_line' id='line_1_3' title="bbox 131 623 776 695; baseline 0.003 -19"><span class='ocrx_word' id='word_1_19' title='bbox 131 630 198 678; x_wconf 79' lang='lat' dir='ltr'><strong>arcu</strong></span> <span class='ocrx_word' id='word_1_20' title='bbox 211 624 267 678; x_wconf 90' lang='lat' dir='ltr'><strong>oris</strong></span> <span class='ocrx_word' id='word_1_21' title='bbox 280 623 410 695; x_wconf 91' lang='lat' dir='ltr'><strong>pendula,</strong></span> <span class='ocrx_word' id='word_1_22' title='bbox 426 641 526 678; x_wconf 90' lang='lat' dir='ltr'><strong>sonum</strong></span> <span class='ocrx_word' id='word_1_23' title='bbox 540 626 676 695; x_wconf 89' lang='lat' dir='ltr'><strong>tragicum</strong></span> <span class='ocrx_word' id='word_1_24' title='bbox 691 625 776 680; x_wconf 90' lang='lat' dir='ltr'><strong>dabit.</strong></span> 
     </span>
    </p>
   </div>
   <div class='ocr_carea' id='block_1_3' title="bbox 130 783 1173 958">
    <p class='ocr_par' dir='ltr' id='par_1_3' title="bbox 130 783 1173 958">
     <span class='ocr_line' id='line_1_4' title="bbox 171 783 1173 865; baseline 0.001 -21"><span class='ocrx_word' id='word_1_25' title='bbox 171 783 200 844; x_wconf 88' lang='lat' dir='ltr'><strong>U</strong></span> <span class='ocrx_word' id='word_1_26' title='bbox 222 784 249 844; x_wconf 90' lang='lat' dir='ltr'><strong>is</strong></span> <span class='ocrx_word' id='word_1_27' title='bbox 271 786 393 844; x_wconf 90' lang='lat' dir='ltr'><strong>uttered</strong></span> <span class='ocrx_word' id='word_1_28' title='bbox 414 784 487 844; x_wconf 90' lang='lat' dir='ltr'><strong>with</strong></span> <span class='ocrx_word' id='word_1_29' title='bbox 512 786 565 844; x_wconf 90' lang='lat' dir='ltr'><strong>the</strong></span> <span class='ocrx_word' id='word_1_30' title='bbox 592 785 651 863; x_wconf 92' lang='lat' dir='ltr'><strong>lips</strong></span> <span class='ocrx_word' id='word_1_31' title='bbox 676 787 858 864; x_wconf 87' lang='lat' dir='ltr'><strong>protruding</strong></span> <span class='ocrx_word' id='word_1_32' title='bbox 880 788 942 846; x_wconf 88' lang='lat' dir='ltr'><strong>and</strong></span> <span class='ocrx_word' id='word_1_33' title='bbox 964 787 1173 865; x_wconf 87' lang='lat' dir='ltr'><strong>approaching</strong></span> 
     </span>
     <span class='ocr_line' id='line_1_5' title="bbox 130 885 647 958; baseline 0.004 -15"><span class='ocrx_word' id='word_1_34' title='bbox 130 885 206 944; x_wconf 91' lang='lat' dir='ltr'><strong>each</strong></span> <span class='ocrx_word' id='word_1_35' title='bbox 221 885 318 958; x_wconf 91' lang='lat' dir='ltr'><strong>other,</strong></span> <span class='ocrx_word' id='word_1_36' title='bbox 335 885 396 944; x_wconf 90' lang='lat' dir='ltr'><strong>like</strong></span> <span class='ocrx_word' id='word_1_37' title='bbox 412 886 464 944; x_wconf 92' lang='lat' dir='ltr'><strong>the</strong></span> <span class='ocrx_word' id='word_1_38' title='bbox 480 887 583 945; x_wconf 87' lang='lat' dir='ltr'><strong>Greek</strong></span> <span class='ocrx_word' id='word_1_39' title='bbox 597 909 647 945; x_wconf 84' lang='lat' dir='ltr'><strong>ov:</strong></span> 
     </span>
    </p>
   </div>
   <div class='ocr_carea' id='block_1_4' title="bbox 131 1017 1175 1271">
    <p class='ocr_par' dir='ltr' id='par_1_4' title="bbox 131 1017 1175 1271">
     <span class='ocr_line' id='line_1_6' title="bbox 178 1017 1175 1089; baseline 0.005 -20"><span class='ocrx_word' id='word_1_40' title='bbox 178 1019 362 1089; x_wconf 78' lang='lat' dir='ltr'><strong>[1d.ib.vi.10.]</strong></span> <span class='ocrx_word' id='word_1_41' title='bbox 402 1017 429 1074; x_wconf 83' lang='lat' dir='ltr'><strong><em>U</em></strong></span> <span class='ocrx_word' id='word_1_42' title='bbox 454 1017 575 1072; x_wconf 87' lang='lat' dir='ltr'><strong>litteram</strong></span> <span class='ocrx_word' id='word_1_43' title='bbox 604 1019 733 1089; x_wconf 90' lang='lat' dir='ltr'><strong>quotiens</strong></span> <span class='ocrx_word' id='word_1_44' title='bbox 762 1021 945 1085; x_wconf 89' lang='lat' dir='ltr'><strong>enuntiamus,</strong></span> <span class='ocrx_word' id='word_1_45' title='bbox 972 1018 1116 1089; x_wconf 90' lang='lat' dir='ltr'><strong>productis</strong></span> <span class='ocrx_word' id='word_1_46' title='bbox 1146 1029 1175 1074; x_wconf 90' lang='lat' dir='ltr'><strong>et</strong></span> 
     </span>
     <span class='ocr_line' id='line_1_7' title="bbox 131 1107 1173 1181; baseline 0.003 -21"><span class='ocrx_word' id='word_1_47' title='bbox 131 1107 296 1161; x_wconf 83' lang='lat' dir='ltr'><strong>coeuntibus</strong></span> <span class='ocrx_word' id='word_1_48' title='bbox 322 1107 409 1161; x_wconf 90' lang='lat' dir='ltr'><strong>labris</strong></span> <span class='ocrx_word' id='word_1_49' title='bbox 436 1108 610 1163; x_wconf 86' lang='lat' dir='ltr'><strong>efferemus.</strong></span> <span class='ocrx_word' id='word_1_50' title='bbox 632 1149 638 1162; x_wconf 95' lang='lat'><strong>.</strong></span> <span class='ocrx_word' id='word_1_51' title='bbox 659 1149 665 1162; x_wconf 95' lang='lat'><strong><em>.</em></strong></span> <span class='ocrx_word' id='word_1_52' title='bbox 686 1126 770 1180; x_wconf 92' lang='lat' dir='ltr'><strong>quam</strong></span> <span class='ocrx_word' id='word_1_53' title='bbox 794 1111 846 1163; x_wconf 92' lang='lat' dir='ltr'><strong>nisi</strong></span> <span class='ocrx_word' id='word_1_54' title='bbox 871 1126 921 1181; x_wconf 90' lang='lat' dir='ltr'><strong>per</strong></span> <span class='ocrx_word' id='word_1_55' title='bbox 943 1130 969 1161; x_wconf 83' lang='grc' dir='ltr'><strong>ου</strong></span> <span class='ocrx_word' id='word_1_56' title='bbox 995 1109 1173 1180; x_wconf 86' lang='lat' dir='ltr'><strong>conjunctam</strong></span> 
     </span>
     <span class='ocr_line' id='line_1_8' title="bbox 132 1199 849 1271; baseline 0.004 -20"><span class='ocrx_word' id='word_1_57' title='bbox 132 1199 233 1253; x_wconf 91' lang='lat' dir='ltr'><strong>Graeci</strong></span> <span class='ocrx_word' id='word_1_58' title='bbox 253 1199 375 1254; x_wconf 89' lang='lat' dir='ltr'><strong>scribere</strong></span> <span class='ocrx_word' id='word_1_59' title='bbox 395 1216 428 1253; x_wconf 91' lang='lat' dir='ltr'><strong>ac</strong></span> <span class='ocrx_word' id='word_1_60' title='bbox 449 1201 628 1270; x_wconf 89' lang='lat' dir='ltr'><strong>pronuntiare</strong></span> <span class='ocrx_word' id='word_1_61' title='bbox 648 1217 705 1254; x_wconf 93' lang='lat' dir='ltr'><strong>non</strong></span> <span class='ocrx_word' id='word_1_62' title='bbox 724 1210 849 1271; x_wconf 87' lang='lat' dir='ltr'><strong>possunt.</strong></span> 
     </span>
    </p>
   </div>
   <div class='ocr_carea' id='block_1_5' title="bbox 131 1359 1174 1656">
    <p class='ocr_par' dir='ltr' id='par_1_5' title="bbox 131 1359 1174 1656">
     <span class='ocr_line' id='line_1_9' title="bbox 173 1359 1171 1442; baseline 0.003 -24"><span class='ocrx_word' id='word_1_63' title='bbox 173 1359 216 1418; x_wconf 81' lang='lat' dir='ltr'><strong>Oi</strong></span> <span class='ocrx_word' id='word_1_64' title='bbox 231 1360 320 1419; x_wconf 91' lang='lat' dir='ltr'><strong>these</strong></span> <span class='ocrx_word' id='word_1_65' title='bbox 340 1361 399 1419; x_wconf 89' lang='lat' dir='ltr'><strong>five</strong></span> <span class='ocrx_word' id='word_1_66' title='bbox 417 1361 529 1419; x_wconf 89' lang='lat' dir='ltr'><strong>vowels</strong></span> <span class='ocrx_word' id='word_1_67' title='bbox 551 1361 604 1420; x_wconf 90' lang='lat' dir='ltr'><strong>the</strong></span> <span class='ocrx_word' id='word_1_68' title='bbox 625 1361 846 1438; x_wconf 88' lang='lat' dir='ltr'><strong>grammarians</strong></span> <span class='ocrx_word' id='word_1_69' title='bbox 864 1381 919 1440; x_wconf 92' lang='lat' dir='ltr'><strong>say</strong></span> <span class='ocrx_word' id='word_1_70' title='bbox 933 1363 1000 1421; x_wconf 87' lang='lat' dir='ltr'><strong>that</strong></span> <span class='ocrx_word' id='word_1_71' title='bbox 1021 1363 1108 1421; x_wconf 88' lang='lat' dir='ltr'><strong>three</strong></span> <span class='ocrx_word' id='word_1_72' title='bbox 1126 1362 1171 1442; x_wconf 86' lang='lat' dir='ltr'><strong>(a,</strong></span> 
     </span>
     <span class='ocr_line' id='line_1_10' title="bbox 131 1455 1051 1541; baseline 0.004 -25"><span class='ocrx_word' id='word_1_73' title='bbox 131 1455 154 1531; x_wconf 89' lang='lat' dir='ltr'><strong>i,</strong></span> <span class='ocrx_word' id='word_1_74' title='bbox 171 1458 206 1539; x_wconf 86' lang='lat' dir='ltr'><strong>u)</strong></span> <span class='ocrx_word' id='word_1_75' title='bbox 224 1459 264 1517; x_wconf 93' lang='lat' dir='ltr'><strong>do</strong></span> <span class='ocrx_word' id='word_1_76' title='bbox 280 1469 334 1518; x_wconf 91' lang='lat' dir='ltr'><strong>not</strong></span> <span class='ocrx_word' id='word_1_77' title='bbox 349 1460 468 1537; x_wconf 87' lang='lat' dir='ltr'><strong>change</strong></span> <span class='ocrx_word' id='word_1_78' title='bbox 484 1459 563 1519; x_wconf 91' lang='lat' dir='ltr'><strong>their</strong></span> <span class='ocrx_word' id='word_1_79' title='bbox 578 1461 696 1540; x_wconf 89' lang='lat' dir='ltr'><strong>quality</strong></span> <span class='ocrx_word' id='word_1_80' title='bbox 710 1461 783 1520; x_wconf 91' lang='lat' dir='ltr'><strong>with</strong></span> <span class='ocrx_word' id='word_1_81' title='bbox 798 1461 877 1519; x_wconf 91' lang='lat' dir='ltr'><strong>their</strong></span> <span class='ocrx_word' id='word_1_82' title='bbox 892 1461 1051 1541; x_wconf 84' lang='lat' dir='ltr'><strong>quantity:</strong></span> 
     </span>
     <span class='ocr_line' id='line_1_11' title="bbox 175 1580 1174 1656; baseline 0.005 -22"><span class='ocrx_word' id='word_1_83' title='bbox 175 1580 285 1652; x_wconf 86' lang='lat' dir='ltr'><strong>[Pompei.</strong></span> <span class='ocrx_word' id='word_1_84' title='bbox 314 1594 396 1636; x_wconf 77' lang='lat' dir='ltr'><strong>comm.</strong></span> <span class='ocrx_word' id='word_1_85' title='bbox 411 1595 535 1636; x_wconf 71' lang='lat' dir='ltr'><strong>adDonat.</strong></span> <span class='ocrx_word' id='word_1_86' title='bbox 564 1594 621 1637; x_wconf 87' lang='lat' dir='ltr'><strong>Keil.</strong></span> <span class='ocrx_word' id='word_1_87' title='bbox 633 1609 654 1636; x_wconf 77' lang='lat' dir='ltr'><strong>v.</strong></span> <span class='ocrx_word' id='word_1_88' title='bbox 667 1597 693 1637; x_wconf 91' lang='lat' dir='ltr'><strong>V.</strong></span> <span class='ocrx_word' id='word_1_89' title='bbox 708 1609 730 1648; x_wconf 88' lang='lat' dir='ltr'><strong>p.</strong></span> <span class='ocrx_word' id='word_1_90' title='bbox 748 1586 804 1656; x_wconf 74' lang='lat' dir='ltr'><strong>ron]</strong></span> <span class='ocrx_word' id='word_1_91' title='bbox 846 1586 891 1637; x_wconf 80' lang='lat' dir='ltr'><strong>De</strong></span> <span class='ocrx_word' id='word_1_92' title='bbox 911 1585 972 1638; x_wconf 83' lang='lat' dir='ltr'><strong>lStlS</strong></span> <span class='ocrx_word' id='word_1_93' title='bbox 993 1585 1114 1655; x_wconf 78' lang='lat' dir='ltr'><strong>quinque</strong></span> <span class='ocrx_word' id='word_1_94' title='bbox 1133 1584 1174 1639; x_wconf 75' lang='lat' dir='ltr'><strong>lit·</strong></span> 
     </span>
    </p>
   </div>
   <div class='ocr_carea' id='block_1_6' title="bbox 132 1673 1173 1836">
    <p class='ocr_par' dir='ltr' id='par_1_6' title="bbox 132 1673 1173 1836">
     <span class='ocr_line' id='line_1_12' title="bbox 132 1673 1173 1746; baseline 0.003 -20"><span class='ocrx_word' id='word_1_95' title='bbox 132 1673 198 1726; x_wconf 89' lang='lat' dir='ltr'><strong>teris</strong></span> <span class='ocrx_word' id='word_1_96' title='bbox 218 1681 274 1726; x_wconf 89' lang='lat' dir='ltr'><strong>tres</strong></span> <span class='ocrx_word' id='word_1_97' title='bbox 294 1682 364 1739; x_wconf 92' lang='lat' dir='ltr'><strong>sunt,</strong></span> <span class='ocrx_word' id='word_1_98' title='bbox 388 1691 461 1743; x_wconf 90' lang='lat' dir='ltr'><strong>quae</strong></span> <span class='ocrx_word' id='word_1_99' title='bbox 481 1675 540 1728; x_wconf 89' lang='lat' dir='ltr'><strong>sive</strong></span> <span class='ocrx_word' id='word_1_100' title='bbox 560 1674 660 1729; x_wconf 92' lang='lat' dir='ltr'><strong>breves</strong></span> <span class='ocrx_word' id='word_1_101' title='bbox 678 1676 739 1730; x_wconf 89' lang='lat' dir='ltr'><strong>sive</strong></span> <span class='ocrx_word' id='word_1_102' title='bbox 757 1675 860 1746; x_wconf 90' lang='lat' dir='ltr'><strong>longae</strong></span> <span class='ocrx_word' id='word_1_103' title='bbox 880 1674 1081 1745; x_wconf 86' lang='lat' dir='ltr'><strong>ejusdemmodi</strong></span> <span class='ocrx_word' id='word_1_104' title='bbox 1101 1684 1173 1740; x_wconf 92' lang='lat' dir='ltr'><strong>suut,</strong></span> 
     </span>
     <span class='ocr_line' id='line_1_13' title="bbox 132 1763 896 1836; baseline 0.001 -18"><span class='ocrx_word' id='word_1_105' title='bbox 132 1780 159 1832; x_wconf 84' lang='lat' dir='ltr'><strong>a,</strong></span> <span class='ocrx_word' id='word_1_106' title='bbox 174 1765 196 1832; x_wconf 88' lang='lat' dir='ltr'><strong>i,</strong></span> <span class='ocrx_word' id='word_1_107' title='bbox 210 1779 230 1819; x_wconf 92' lang='lat' dir='ltr'><strong>u</strong></span> <span class='ocrx_word' id='word_1_108' title='bbox 244 1783 249 1818; x_wconf 95' lang='lat'><strong>:</strong></span> <span class='ocrx_word' id='word_1_109' title='bbox 271 1763 396 1818; x_wconf 88' lang='lat' dir='ltr'><strong>similiter</strong></span> <span class='ocrx_word' id='word_1_110' title='bbox 409 1765 515 1819; x_wconf 89' lang='lat' dir='ltr'><strong>habent</strong></span> <span class='ocrx_word' id='word_1_111' title='bbox 528 1766 587 1820; x_wconf 91' lang='lat' dir='ltr'><strong>sive</strong></span> <span class='ocrx_word' id='word_1_112' title='bbox 600 1766 702 1836; x_wconf 84' lang='lat' dir='ltr'><strong>longae</strong></span> <span class='ocrx_word' id='word_1_113' title='bbox 715 1767 774 1821; x_wconf 91' lang='lat' dir='ltr'><strong>sive</strong></span> <span class='ocrx_word' id='word_1_114' title='bbox 787 1767 896 1821; x_wconf 88' lang='lat' dir='ltr'><strong>breves.</strong></span> 
     </span>
    </p>
   </div>
   <div class='ocr_carea' id='block_1_7' title="bbox 175 1910 797 2005">
    <p class='ocr_par' dir='ltr' id='par_1_7' title="bbox 175 1910 797 2005">
     <span class='ocr_line' id='line_1_14' title="bbox 175 1910 797 2005; baseline 0.006 -24"><span class='ocrx_word' id='word_1_115' title='bbox 175 1926 233 1982; x_wconf 93' lang='lat' dir='ltr'><strong>But</strong></span> <span class='ocrx_word' id='word_1_116' title='bbox 247 1934 307 1983; x_wconf 89' lang='lat' dir='ltr'><strong>two</strong></span> <span class='ocrx_word' id='word_1_117' title='bbox 325 1924 367 2004; x_wconf 86' lang='lat' dir='ltr'><strong>(e,</strong></span> <span class='ocrx_word' id='word_1_118' title='bbox 384 1925 415 2005; x_wconf 85' lang='grc' dir='ltr'><strong>ο)</strong></span> <span class='ocrx_word' id='word_1_119' title='bbox 432 1910 551 2002; x_wconf 88' lang='lat' dir='ltr'><strong>change</strong></span> <span class='ocrx_word' id='word_1_120' title='bbox 566 1925 646 1984; x_wconf 90' lang='lat' dir='ltr'><strong>their</strong></span> <span class='ocrx_word' id='word_1_121' title='bbox 661 1927 797 2005; x_wconf 85' lang='lat' dir='ltr'><strong>quality:</strong></span> 
     </span>
    </p>
   </div>
   <div class='ocr_carea' id='block_1_8' title="bbox 131 2055 1176 3131">
    <p class='ocr_par' dir='ltr' id='par_1_8' title="bbox 179 2055 795 2130">
     <span class='ocr_line' id='line_1_15' title="bbox 179 2055 795 2130; baseline 0.003 -22"><span class='ocrx_word' id='word_1_122' title='bbox 179 2060 226 2130; x_wconf 78' lang='lat' dir='ltr'><strong>[ld.</strong></span> <span class='ocrx_word' id='word_1_123' title='bbox 236 2057 280 2128; x_wconf 76' lang='lat' dir='ltr'><strong>in]</strong></span> <span class='ocrx_word' id='word_1_124' title='bbox 321 2055 343 2111; x_wconf 94' lang='lat'>0</span> <span class='ocrx_word' id='word_1_125' title='bbox 356 2073 422 2109; x_wconf 91' lang='lat' dir='ltr'><strong>vero</strong></span> <span class='ocrx_word' id='word_1_126' title='bbox 435 2065 463 2110; x_wconf 90' lang='lat' dir='ltr'><strong>et</strong></span> <span class='ocrx_word' id='word_1_127' title='bbox 475 2071 491 2112; x_wconf 88' lang='lat' dir='ltr'><strong>e</strong></span> <span class='ocrx_word' id='word_1_128' title='bbox 504 2074 559 2110; x_wconf 91' lang='lat' dir='ltr'><strong>non</strong></span> <span class='ocrx_word' id='word_1_129' title='bbox 573 2066 675 2111; x_wconf 93' lang='lat' dir='ltr'><strong>sonant</strong></span> <span class='ocrx_word' id='word_1_130' title='bbox 687 2057 795 2111; x_wconf 77' lang='lat' dir='ltr'><strong>breves</strong></span> 
     </span>
    </p>

    <p class='ocr_par' dir='ltr' id='par_1_9' title="bbox 131 2146 1176 3131">
     <span class='ocr_line' id='line_1_16' title="bbox 177 2146 1174 2221; baseline 0.001 -20"><span class='ocrx_word' id='word_1_131' title='bbox 177 2147 202 2201; x_wconf 87' lang='lat' dir='ltr'>E</span> <span class='ocrx_word' id='word_1_132' title='bbox 222 2146 302 2200; x_wconf 89' lang='lat' dir='ltr'><strong>aliter</strong></span> <span class='ocrx_word' id='word_1_133' title='bbox 320 2146 405 2217; x_wconf 85' lang='lat' dir='ltr'><strong>longa</strong></span> <span class='ocrx_word' id='word_1_134' title='bbox 425 2147 504 2202; x_wconf 82' lang='lat' dir='ltr'><strong>aliter</strong></span> <span class='ocrx_word' id='word_1_135' title='bbox 521 2147 614 2201; x_wconf 92' lang='lat' dir='ltr'><strong>brevis</strong></span> <span class='ocrx_word' id='word_1_136' title='bbox 632 2157 721 2202; x_wconf 90' lang='lat' dir='ltr'><strong>sonat.</strong></span> <span class='ocrx_word' id='word_1_137' title='bbox 763 2149 841 2203; x_wconf 91' lang='lat' dir='ltr'><strong>Dicit</strong></span> <span class='ocrx_word' id='word_1_138' title='bbox 854 2149 893 2202; x_wconf 90' lang='lat' dir='ltr'><strong>ita</strong></span> <span class='ocrx_word' id='word_1_139' title='bbox 907 2149 1091 2203; x_wconf 88' lang='lat' dir='ltr'><strong>Terentianus</strong></span> <span class='ocrx_word' id='word_1_140' title='bbox 1107 2149 1174 2221; x_wconf 95' lang='lat' dir='ltr'><strong>(hoc</strong></span> 
     </span>
     <span class='ocr_line' id='line_1_17' title="bbox 133 2238 1175 2311; baseline 0.004 -21"><span class='ocrx_word' id='word_1_141' title='bbox 133 2238 215 2311; x_wconf 87' lang='lat' dir='ltr'><strong>dixit)</strong></span> <span class='ocrx_word' id='word_1_142' title='bbox 232 2239 504 2308; x_wconf 85' lang='lat' dir='ltr'><strong>‘Quotienscumque</strong></span> <span class='ocrx_word' id='word_1_143' title='bbox 518 2253 533 2295; x_wconf 89' lang='lat' dir='ltr'><strong>e</strong></span> <span class='ocrx_word' id='word_1_144' title='bbox 545 2239 659 2310; x_wconf 87' lang='lat' dir='ltr'><strong>longam</strong></span> <span class='ocrx_word' id='word_1_145' title='bbox 675 2240 804 2294; x_wconf 90' lang='lat' dir='ltr'><strong>volumus</strong></span> <span class='ocrx_word' id='word_1_146' title='bbox 819 2240 945 2309; x_wconf 83' lang='lat' dir='ltr'><strong>proferri,</strong></span> <span class='ocrx_word' id='word_1_147' title='bbox 960 2240 1052 2293; x_wconf 90' lang='lat' dir='ltr'><strong>vicina</strong></span> <span class='ocrx_word' id='word_1_148' title='bbox 1064 2241 1101 2293; x_wconf 91' lang='lat' dir='ltr'><strong>sit</strong></span> <span class='ocrx_word' id='word_1_149' title='bbox 1115 2238 1175 2294; x_wconf 87' lang='lat' dir='ltr'><strong>adi</strong></span> 
     </span>
     <span class='ocr_line' id='line_1_18' title="bbox 132 2328 1173 2400; baseline 0.002 -19"><span class='ocrx_word' id='word_1_150' title='bbox 132 2328 269 2383; x_wconf 59' lang='lat' dir='ltr'><strong>litteram)</strong></span> <span class='ocrx_word' id='word_1_151' title='bbox 312 2330 376 2399; x_wconf 91' lang='lat' dir='ltr'><strong>Ipse</strong></span> <span class='ocrx_word' id='word_1_152' title='bbox 395 2347 481 2383; x_wconf 91' lang='lat' dir='ltr'><strong>sonus</strong></span> <span class='ocrx_word' id='word_1_153' title='bbox 501 2331 542 2384; x_wconf 92' lang='lat' dir='ltr'><strong>sic</strong></span> <span class='ocrx_word' id='word_1_154' title='bbox 563 2330 647 2384; x_wconf 90' lang='lat' dir='ltr'><strong>debet</strong></span> <span class='ocrx_word' id='word_1_155' title='bbox 665 2348 773 2396; x_wconf 89' lang='lat' dir='ltr'><strong>sonare,</strong></span> <span class='ocrx_word' id='word_1_156' title='bbox 789 2330 930 2400; x_wconf 91' lang='lat' dir='ltr'><strong>quomodo</strong></span> <span class='ocrx_word' id='word_1_157' title='bbox 946 2339 1029 2384; x_wconf 91' lang='lat' dir='ltr'><strong>sonat</strong></span> <span class='ocrx_word' id='word_1_158' title='bbox 1046 2331 1057 2384; x_wconf 90' lang='lat' dir='ltr'><strong>i</strong></span> <span class='ocrx_word' id='word_1_159' title='bbox 1073 2330 1173 2384; x_wconf 85' lang='lat' dir='ltr'><strong>littera.</strong></span> 
     </span>
     <span class='ocr_line' id='line_1_19' title="bbox 134 2420 1176 2492; baseline 0.002 -18"><span class='ocrx_word' id='word_1_160' title='bbox 134 2420 254 2488; x_wconf 82' lang='lat' dir='ltr'><strong>Quando</strong></span> <span class='ocrx_word' id='word_1_161' title='bbox 274 2421 343 2474; x_wconf 91' lang='lat' dir='ltr'><strong>dicis</strong></span> <span class='ocrx_word' id='word_1_162' title='bbox 360 2423 460 2487; x_wconf 80' lang='lat' dir='ltr'><strong>euitat,</strong></span> <span class='ocrx_word' id='word_1_163' title='bbox 477 2422 572 2475; x_wconf 89' lang='lat' dir='ltr'><strong>vicina</strong></span> <span class='ocrx_word' id='word_1_164' title='bbox 588 2421 673 2475; x_wconf 91' lang='lat' dir='ltr'><strong>debet</strong></span> <span class='ocrx_word' id='word_1_165' title='bbox 687 2439 756 2486; x_wconf 88' lang='lat' dir='ltr'><strong>esse,</strong></span> <span class='ocrx_word' id='word_1_166' title='bbox 771 2422 811 2475; x_wconf 92' lang='lat' dir='ltr'><strong>sic</strong></span> <span class='ocrx_word' id='word_1_167' title='bbox 827 2438 932 2491; x_wconf 89' lang='lat' dir='ltr'><strong>pressa,</strong></span> <span class='ocrx_word' id='word_1_168' title='bbox 947 2422 988 2475; x_wconf 93' lang='lat' dir='ltr'><strong>sic</strong></span> <span class='ocrx_word' id='word_1_169' title='bbox 1003 2431 1130 2492; x_wconf 87' lang='lat' dir='ltr'><strong>angusta,</strong></span> <span class='ocrx_word' id='word_1_170' title='bbox 1145 2431 1176 2476; x_wconf 91' lang='lat' dir='ltr'><strong>ut</strong></span> 
     </span>
     <span class='ocr_line' id='line_1_20' title="bbox 132 2511 1175 2582; baseline 0 -18"><span class='ocrx_word' id='word_1_171' title='bbox 132 2512 224 2565; x_wconf 90' lang='lat' dir='ltr'><strong>vicina</strong></span> <span class='ocrx_word' id='word_1_172' title='bbox 244 2512 281 2566; x_wconf 91' lang='lat' dir='ltr'><strong>sit</strong></span> <span class='ocrx_word' id='word_1_173' title='bbox 300 2512 336 2565; x_wconf 85' lang='lat' dir='ltr'><strong>ad</strong></span> <span class='ocrx_word' id='word_1_174' title='bbox 355 2511 513 2566; x_wconf 18' lang='lat' dir='ltr'><strong>itlitteram.</strong></span> <span class='ocrx_word' id='word_1_175' title='bbox 554 2512 674 2579; x_wconf 86' lang='lat' dir='ltr'><strong>Quando</strong></span> <span class='ocrx_word' id='word_1_176' title='bbox 692 2513 734 2565; x_wconf 95' lang='lat' dir='ltr'><strong>vis</strong></span> <span class='ocrx_word' id='word_1_177' title='bbox 752 2512 844 2567; x_wconf 87' lang='lat' dir='ltr'><strong>dicere</strong></span> <span class='ocrx_word' id='word_1_178' title='bbox 858 2512 972 2567; x_wconf 88' lang='lat' dir='ltr'><strong>brevem</strong></span> <span class='ocrx_word' id='word_1_179' title='bbox 985 2527 1001 2568; x_wconf 88' lang='lat' dir='ltr'><strong>e</strong></span> <span class='ocrx_word' id='word_1_180' title='bbox 1014 2513 1175 2582; x_wconf 91' lang='lat' dir='ltr'><strong>simpliciter</strong></span> 
     </span>
     <span class='ocr_line' id='line_1_21' title="bbox 132 2602 1175 2675; baseline 0.001 -20"><span class='ocrx_word' id='word_1_181' title='bbox 132 2602 221 2657; x_wconf 86' lang='lat' dir='ltr'><strong>sonat.</strong></span> <span class='ocrx_word' id='word_1_182' title='bbox 255 2602 375 2672; x_wconf 91' lang='lat' dir='ltr'><strong>Olonga</strong></span> <span class='ocrx_word' id='word_1_183' title='bbox 389 2604 425 2657; x_wconf 90' lang='lat' dir='ltr'><strong>sit</strong></span> <span class='ocrx_word' id='word_1_184' title='bbox 438 2620 474 2656; x_wconf 90' lang='lat' dir='ltr'><strong>an</strong></span> <span class='ocrx_word' id='word_1_185' title='bbox 487 2602 589 2658; x_wconf 88' lang='lat' dir='ltr'><strong>brevis.</strong></span> <span class='ocrx_word' id='word_1_186' title='bbox 624 2604 655 2658; x_wconf 90' lang='lat' dir='ltr'><strong>Si</strong></span> <span class='ocrx_word' id='word_1_187' title='bbox 667 2603 753 2674; x_wconf 93' lang='lat' dir='ltr'><strong>longa</strong></span> <span class='ocrx_word' id='word_1_188' title='bbox 766 2613 816 2670; x_wconf 90' lang='lat' dir='ltr'><strong>est,</strong></span> <span class='ocrx_word' id='word_1_189' title='bbox 832 2603 916 2658; x_wconf 92' lang='lat' dir='ltr'><strong>debet</strong></span> <span class='ocrx_word' id='word_1_190' title='bbox 928 2622 1014 2658; x_wconf 90' lang='lat' dir='ltr'><strong>sonus</strong></span> <span class='ocrx_word' id='word_1_191' title='bbox 1029 2606 1089 2675; x_wconf 92' lang='lat' dir='ltr'><strong>ipse</strong></span> <span class='ocrx_word' id='word_1_192' title='bbox 1103 2605 1175 2658; x_wconf 89' lang='lat' dir='ltr'><strong>intra</strong></span> 
     </span>
     <span class='ocr_line' id='line_1_22' title="bbox 132 2694 1172 2766; baseline 0.001 -20"><span class='ocrx_word' id='word_1_193' title='bbox 132 2694 258 2764; x_wconf 89' lang='lat' dir='ltr'><strong>palatum</strong></span> <span class='ocrx_word' id='word_1_194' title='bbox 271 2711 380 2760; x_wconf 90' lang='lat' dir='ltr'><strong>sonare,</strong></span> <span class='ocrx_word' id='word_1_195' title='bbox 392 2703 423 2748; x_wconf 93' lang='lat' dir='ltr'><strong>ut</strong></span> <span class='ocrx_word' id='word_1_196' title='bbox 435 2695 460 2748; x_wconf 93' lang='lat' dir='ltr'><strong>si</strong></span> <span class='ocrx_word' id='word_1_197' title='bbox 474 2695 550 2749; x_wconf 91' lang='lat' dir='ltr'><strong>dices</strong></span> <span class='ocrx_word' id='word_1_198' title='bbox 560 2703 666 2760; x_wconf 84' lang='lat' dir='ltr'><strong>orator,</strong></span> <span class='ocrx_word' id='word_1_199' title='bbox 679 2696 760 2765; x_wconf 89' lang='lat' dir='ltr'><strong>quasi</strong></span> <span class='ocrx_word' id='word_1_200' title='bbox 772 2696 844 2750; x_wconf 87' lang='lat' dir='ltr'><strong>intra</strong></span> <span class='ocrx_word' id='word_1_201' title='bbox 857 2706 946 2762; x_wconf 78' lang='lat' dir='ltr'><strong>sonat,</strong></span> <span class='ocrx_word' id='word_1_202' title='bbox 958 2697 1031 2751; x_wconf 89' lang='lat' dir='ltr'><strong>intra</strong></span> <span class='ocrx_word' id='word_1_203' title='bbox 1041 2695 1172 2766; x_wconf 88' lang='lat' dir='ltr'><strong>palatum.</strong></span> 
     </span>
     <span class='ocr_line' id='line_1_23' title="bbox 134 2784 1175 2857; baseline -0.001 -18"><span class='ocrx_word' id='word_1_204' title='bbox 134 2785 164 2839; x_wconf 90' lang='lat' dir='ltr'><strong>Si</strong></span> <span class='ocrx_word' id='word_1_205' title='bbox 177 2784 270 2839; x_wconf 91' lang='lat' dir='ltr'><strong>brevis</strong></span> <span class='ocrx_word' id='word_1_206' title='bbox 287 2795 330 2839; x_wconf 91' lang='lat' dir='ltr'><strong>est</strong></span> <span class='ocrx_word' id='word_1_207' title='bbox 345 2786 429 2840; x_wconf 93' lang='lat' dir='ltr'><strong>debet</strong></span> <span class='ocrx_word' id='word_1_208' title='bbox 444 2787 540 2855; x_wconf 91' lang='lat' dir='ltr'><strong>primis</strong></span> <span class='ocrx_word' id='word_1_209' title='bbox 558 2785 644 2840; x_wconf 90' lang='lat' dir='ltr'><strong>labris</strong></span> <span class='ocrx_word' id='word_1_210' title='bbox 663 2803 772 2852; x_wconf 88' lang='lat' dir='ltr'><strong>sonare,</strong></span> <span class='ocrx_word' id='word_1_211' title='bbox 787 2788 868 2857; x_wconf 89' lang='lat' dir='ltr'><strong>quasi</strong></span> <span class='ocrx_word' id='word_1_212' title='bbox 888 2789 1017 2841; x_wconf 86' lang='lat' dir='ltr'><strong>extremis</strong></span> <span class='ocrx_word' id='word_1_213' title='bbox 1036 2785 1129 2851; x_wconf 91' lang='lat' dir='ltr'><strong>labris,</strong></span> <span class='ocrx_word' id='word_1_214' title='bbox 1145 2794 1175 2838; x_wconf 93' lang='lat' dir='ltr'><strong>ut</strong></span> 
     </span>
     <span class='ocr_line' id='line_1_24' title="bbox 131 2877 1174 2949; baseline -0.001 -20"><span class='ocrx_word' id='word_1_215' title='bbox 131 2885 200 2946; x_wconf 90' lang='lat' dir='ltr'><strong>puta</strong></span> <span class='ocrx_word' id='word_1_216' title='bbox 219 2877 260 2930; x_wconf 88' lang='lat' dir='ltr'><strong>sic</strong></span> <span class='ocrx_word' id='word_1_217' title='bbox 278 2877 354 2931; x_wconf 89' lang='lat' dir='ltr'><strong>dices</strong></span> <span class='ocrx_word' id='word_1_218' title='bbox 372 2879 436 2932; x_wconf 81' lang='lat' dir='ltr'><strong>obit.</strong></span> <span class='ocrx_word' id='word_1_219' title='bbox 478 2877 576 2932; x_wconf 90' lang='lat' dir='ltr'><strong>Habes</strong></span> <span class='ocrx_word' id='word_1_220' title='bbox 596 2879 679 2931; x_wconf 88' lang='lat' dir='ltr'><strong>istam</strong></span> <span class='ocrx_word' id='word_1_221' title='bbox 699 2878 823 2949; x_wconf 91' lang='lat' dir='ltr'><strong>regulam</strong></span> <span class='ocrx_word' id='word_1_222' title='bbox 843 2895 1004 2947; x_wconf 88' lang='lat' dir='ltr'><strong>expressam</strong></span> <span class='ocrx_word' id='word_1_223' title='bbox 1024 2878 1052 2929; x_wconf 93' lang='lat' dir='ltr'><strong>in</strong></span> <span class='ocrx_word' id='word_1_224' title='bbox 1073 2880 1174 2930; x_wconf 91' lang='lat' dir='ltr'><strong>Teren-</strong></span> 
     </span>
     <span class='ocr_line' id='line_1_25' title="bbox 131 2967 1174 3039; baseline 0.001 -19"><span class='ocrx_word' id='word_1_225' title='bbox 131 2969 217 3021; x_wconf 89' lang='lat' dir='ltr'><strong>tiano.</strong></span> <span class='ocrx_word' id='word_1_226' title='bbox 258 2968 379 3036; x_wconf 88' lang='lat' dir='ltr'><strong>Quando</strong></span> <span class='ocrx_word' id='word_1_227' title='bbox 392 2969 436 3022; x_wconf 90' lang='lat' dir='ltr'><strong>vis</strong></span> <span class='ocrx_word' id='word_1_228' title='bbox 450 2969 602 3038; x_wconf 87' lang='lat' dir='ltr'><strong>exprimere</strong></span> <span class='ocrx_word' id='word_1_229' title='bbox 617 2970 683 3039; x_wconf 92' lang='lat' dir='ltr'><strong>quia</strong></span> <span class='ocrx_word' id='word_1_230' title='bbox 696 2969 788 3023; x_wconf 92' lang='lat' dir='ltr'><strong>brevis</strong></span> <span class='ocrx_word' id='word_1_231' title='bbox 803 2978 852 3033; x_wconf 90' lang='lat' dir='ltr'><strong>est,</strong></span> <span class='ocrx_word' id='word_1_232' title='bbox 864 2969 961 3038; x_wconf 92' lang='lat' dir='ltr'><strong>primis</strong></span> <span class='ocrx_word' id='word_1_233' title='bbox 974 2967 1060 3022; x_wconf 90' lang='lat' dir='ltr'><strong>labris</strong></span> <span class='ocrx_word' id='word_1_234' title='bbox 1075 2976 1174 3034; x_wconf 87' lang='lat' dir='ltr'><strong>sonat;</strong></span> 
     </span>
     <span class='ocr_line' id='line_1_26' title="bbox 132 3059 850 3131; baseline -0.001 -18"><span class='ocrx_word' id='word_1_235' title='bbox 132 3060 244 3129; x_wconf 89' lang='lat' dir='ltr'><strong>quando</strong></span> <span class='ocrx_word' id='word_1_236' title='bbox 259 3061 389 3129; x_wconf 90' lang='lat' dir='ltr'><strong>exprimis</strong></span> <span class='ocrx_word' id='word_1_237' title='bbox 401 3059 522 3130; x_wconf 91' lang='lat' dir='ltr'><strong>longam,</strong></span> <span class='ocrx_word' id='word_1_238' title='bbox 537 3061 611 3114; x_wconf 87' lang='lat' dir='ltr'><strong>intra</strong></span> <span class='ocrx_word' id='word_1_239' title='bbox 623 3060 747 3131; x_wconf 89' lang='lat' dir='ltr'><strong>palatum</strong></span> <span class='ocrx_word' id='word_1_240' title='bbox 761 3069 850 3113; x_wconf 91' lang='lat' dir='ltr'><strong>sonat.</strong></span> 
     </span>
    </p>
   </div>
   <div class='ocr_carea' id='block_1_9' title="bbox 131 3185 1175 3437">
    <p class='ocr_par' dir='ltr' id='par_1_10' title="bbox 131 3185 1175 3437">
     <span class='ocr_line' id='line_1_27' title="bbox 178 3185 1175 3261; baseline -0.001 -23"><span class='ocrx_word' id='word_1_241' title='bbox 178 3188 234 3257; x_wconf 80' lang='lat' dir='ltr'><strong>[Ars</strong></span> <span class='ocrx_word' id='word_1_242' title='bbox 247 3198 320 3239; x_wconf 86' lang='lat' dir='ltr'><strong>Gram.</strong></span> <span class='ocrx_word' id='word_1_243' title='bbox 336 3199 390 3239; x_wconf 86' lang='lat' dir='ltr'><strong>Mar.</strong></span> <span class='ocrx_word' id='word_1_244' title='bbox 406 3199 461 3239; x_wconf 85' lang='lat' dir='ltr'><strong>vict.</strong></span> <span class='ocrx_word' id='word_1_245' title='bbox 477 3198 503 3238; x_wconf 87' lang='lat' dir='ltr'><strong>de</strong></span> <span class='ocrx_word' id='word_1_246' title='bbox 517 3198 606 3249; x_wconf 79' lang='lat' dir='ltr'><strong>Orthog.</strong></span> <span class='ocrx_word' id='word_1_247' title='bbox 621 3205 643 3239; x_wconf 88' lang='lat' dir='ltr'><strong>et</strong></span> <span class='ocrx_word' id='word_1_248' title='bbox 658 3199 684 3238; x_wconf 84' lang='lat' dir='ltr'><strong>de</strong></span> <span class='ocrx_word' id='word_1_249' title='bbox 702 3199 767 3238; x_wconf 83' lang='lat' dir='ltr'><strong>Metr.</strong></span> <span class='ocrx_word' id='word_1_250' title='bbox 784 3199 842 3249; x_wconf 71' lang='lat' dir='ltr'><strong>Rae..</strong></span> <span class='ocrx_word' id='word_1_251' title='bbox 860 3199 877 3239; x_wconf 94' lang='grc' dir='ltr'><strong>Ι.</strong></span> <span class='ocrx_word' id='word_1_252' title='bbox 893 3199 921 3238; x_wconf 87' lang='lat' dir='ltr'><strong>vi.</strong></span> <span class='ocrx_word' id='word_1_253' title='bbox 938 3190 971 3261; x_wconf 84' lang='lat'><strong>9.]</strong></span> <span class='ocrx_word' id='word_1_254' title='bbox 1009 3185 1031 3241; x_wconf 92' lang='lat'>0</span> <span class='ocrx_word' id='word_1_255' title='bbox 1051 3186 1098 3255; x_wconf 86' lang='lat' dir='ltr'><strong>qul</strong></span> <span class='ocrx_word' id='word_1_256' title='bbox 1118 3201 1175 3238; x_wconf 89' lang='lat' dir='ltr'><strong>cor-</strong></span> 
     </span>
     <span class='ocr_line' id='line_1_28' title="bbox 131 3275 1173 3347; baseline 0.001 -20"><span class='ocrx_word' id='word_1_257' title='bbox 131 3285 240 3345; x_wconf 91' lang='lat' dir='ltr'><strong>reptum</strong></span> <span class='ocrx_word' id='word_1_258' title='bbox 263 3277 396 3342; x_wconf 87' lang='lat' dir='ltr'><strong>enuntiat,</strong></span> <span class='ocrx_word' id='word_1_259' title='bbox 418 3294 469 3330; x_wconf 94' lang='lat' dir='ltr'><strong>nee</strong></span> <span class='ocrx_word' id='word_1_260' title='bbox 492 3293 596 3347; x_wconf 85' lang='lat' dir='ltr'><strong>magno</strong></span> <span class='ocrx_word' id='word_1_261' title='bbox 620 3276 697 3330; x_wconf 90' lang='lat' dir='ltr'><strong>hiatu</strong></span> <span class='ocrx_word' id='word_1_262' title='bbox 716 3275 796 3329; x_wconf 88' lang='lat' dir='ltr'><strong>labra</strong></span> <span class='ocrx_word' id='word_1_263' title='bbox 815 3276 957 3341; x_wconf 88' lang='lat' dir='ltr'><strong>reserabit,</strong></span> <span class='ocrx_word' id='word_1_264' title='bbox 979 3285 1007 3330; x_wconf 88' lang='lat' dir='ltr'><strong>et</strong></span> <span class='ocrx_word' id='word_1_265' title='bbox 1025 3285 1173 3330; x_wconf 90' lang='lat' dir='ltr'><strong>retrorsum</strong></span> 
     </span>
     <span class='ocr_line' id='line_1_29' title="bbox 132 3367 488 3437; baseline 0.003 -17"><span class='ocrx_word' id='word_1_266' title='bbox 132 3375 224 3421; x_wconf 89' lang='lat' dir='ltr'><strong>actam</strong></span> <span class='ocrx_word' id='word_1_267' title='bbox 237 3367 362 3437; x_wconf 88' lang='lat' dir='ltr'><strong>linguam</strong></span> <span class='ocrx_word' id='word_1_268' title='bbox 375 3367 488 3421; x_wconf 91' lang='lat' dir='ltr'><strong>tenebit.</strong></span> 
     </span>
    </p>
   </div>
   <div class='ocr_carea' id='block_1_10' title="bbox 130 3527 1174 3804">
    <p class='ocr_par' dir='ltr' id='par_1_11' title="bbox 130 3527 1174 3804">
     <span class='ocr_line' id='line_1_30' title="bbox 173 3527 1174 3606; baseline 0 -20"><span class='ocrx_word' id='word_1_269' title='bbox 173 3530 203 3586; x_wconf 93' lang='lat' dir='ltr'><strong>It</strong></span> <span class='ocrx_word' id='word_1_270' title='bbox 223 3527 325 3587; x_wconf 88' lang='lat' dir='ltr'><strong>would</strong></span> <span class='ocrx_word' id='word_1_271' title='bbox 346 3528 418 3586; x_wconf 93' lang='lat' dir='ltr'><strong>thus</strong></span> <span class='ocrx_word' id='word_1_272' title='bbox 441 3547 524 3587; x_wconf 93' lang='lat' dir='ltr'><strong>seem</strong></span> <span class='ocrx_word' id='word_1_273' title='bbox 544 3529 612 3588; x_wconf 92' lang='lat' dir='ltr'><strong>that</strong></span> <span class='ocrx_word' id='word_1_274' title='bbox 632 3529 685 3588; x_wconf 90' lang='lat' dir='ltr'><strong>the</strong></span> <span class='ocrx_word' id='word_1_275' title='bbox 707 3529 780 3606; x_wconf 92' lang='lat' dir='ltr'><strong>long</strong></span> <span class='ocrx_word' id='word_1_276' title='bbox 801 3543 818 3588; x_wconf 85' lang='lat' dir='ltr'><strong>e</strong></span> <span class='ocrx_word' id='word_1_277' title='bbox 840 3529 872 3588; x_wconf 84' lang='lat' dir='ltr'><strong>ol</strong></span> <span class='ocrx_word' id='word_1_278' title='bbox 893 3529 946 3587; x_wconf 91' lang='lat' dir='ltr'><strong>the</strong></span> <span class='ocrx_word' id='word_1_279' title='bbox 967 3529 1058 3587; x_wconf 91' lang='lat' dir='ltr'><strong>Latin</strong></span> <span class='ocrx_word' id='word_1_280' title='bbox 1081 3529 1112 3586; x_wconf 90' lang='lat' dir='ltr'><strong>in</strong></span> <span class='ocrx_word' id='word_1_281' title='bbox 1134 3528 1174 3586; x_wconf 93' lang='lat' dir='ltr'><strong>its</strong></span> 
     </span>
     <span class='ocr_line' id='line_1_31' title="bbox 130 3625 1174 3704; baseline 0.002 -20"><span class='ocrx_word' id='word_1_282' title='bbox 130 3627 347 3704; x_wconf 89' lang='lat' dir='ltr'><strong>prolongation</strong></span> <span class='ocrx_word' id='word_1_283' title='bbox 363 3628 462 3686; x_wconf 90' lang='lat' dir='ltr'><strong>draws</strong></span> <span class='ocrx_word' id='word_1_284' title='bbox 482 3628 547 3686; x_wconf 92' lang='lat' dir='ltr'><strong>into</strong></span> <span class='ocrx_word' id='word_1_285' title='bbox 563 3629 615 3687; x_wconf 89' lang='lat' dir='ltr'><strong>the</strong></span> <span class='ocrx_word' id='word_1_286' title='bbox 635 3625 647 3685; x_wconf 93' lang='lat' dir='ltr'><strong>i</strong></span> <span class='ocrx_word' id='word_1_287' title='bbox 669 3629 779 3700; x_wconf 92' lang='lat' dir='ltr'><strong>sound,</strong></span> <span class='ocrx_word' id='word_1_288' title='bbox 797 3628 964 3687; x_wconf 90' lang='lat' dir='ltr'><strong>somewhat</strong></span> <span class='ocrx_word' id='word_1_289' title='bbox 982 3646 1016 3686; x_wconf 91' lang='lat' dir='ltr'><strong>as</strong></span> <span class='ocrx_word' id='word_1_290' title='bbox 1032 3628 1056 3684; x_wconf 80' lang='lat' dir='ltr'><strong>if</strong></span> <span class='ocrx_word' id='word_1_291' title='bbox 1070 3625 1082 3684; x_wconf 95' lang='lat' dir='ltr'><strong>i</strong></span> <span class='ocrx_word' id='word_1_292' title='bbox 1095 3644 1174 3686; x_wconf 88' lang='lat' dir='ltr'><strong>were</strong></span> 
     </span>
     <span class='ocr_line' id='line_1_32' title="bbox 130 3725 986 3804; baseline 0.001 -19"><span class='ocrx_word' id='word_1_293' title='bbox 130 3725 306 3804; x_wconf 84' lang='lat' dir='ltr'><strong>subjoined,</strong></span> <span class='ocrx_word' id='word_1_294' title='bbox 324 3745 357 3785; x_wconf 93' lang='lat' dir='ltr'><strong>as</strong></span> <span class='ocrx_word' id='word_1_295' title='bbox 374 3727 406 3784; x_wconf 92' lang='lat' dir='ltr'><strong>in</strong></span> <span class='ocrx_word' id='word_1_296' title='bbox 420 3728 474 3786; x_wconf 90' lang='lat' dir='ltr'><strong>the</strong></span> <span class='ocrx_word' id='word_1_297' title='bbox 490 3728 618 3804; x_wconf 87' lang='lat' dir='ltr'><strong>English</strong></span> <span class='ocrx_word' id='word_1_298' title='bbox 634 3730 698 3786; x_wconf 82' lang='lat' dir='ltr'><strong>vein</strong></span> <span class='ocrx_word' id='word_1_299' title='bbox 715 3747 748 3785; x_wconf 94' lang='lat' dir='ltr'><strong>or</strong></span> <span class='ocrx_word' id='word_1_300' title='bbox 765 3728 878 3785; x_wconf 88' lang='lat' dir='ltr'><strong>Italian</strong></span> <span class='ocrx_word' id='word_1_301' title='bbox 883 3729 986 3802; x_wconf 64' lang='lat' dir='ltr'><strong>sedile.</strong></span> 
     </span>
    </p>
   </div>
   <div class='ocr_carea' id='block_1_11' title="bbox 0 0 1304 4124">
    <p class='ocr_par' dir='ltr' id='par_1_12' title="bbox 0 0 1304 4124">
     <span class='ocr_line' id='line_1_33' title="bbox 0 0 1304 4124; baseline 0 0"><span class='ocrx_word' id='word_1_302' title='bbox 0 0 1304 4124; x_wconf 95' lang='lat' dir='ltr'><strong> </strong></span> 
     </span>
    </p>
   </div>
  </div>
 </body>
</html>
