2596 4124
489 384 580 442 WHY
600 392 657 442 WE
683 393 754 443 Usa
776 394 825 443 JT.
1145 395 1176 448 13

132 561 184 619 the
210 567 361 638 contrary,
385 559 478 618 touch
504 558 528 619 it
554 578 589 618 so
614 558 723 639 lightly
743 560 812 620 that
834 561 922 620 when
944 562 998 622 the
1019 561 1176 640 following

132 658 215 719 word
229 658 339 736 begins
355 658 427 717 with
442 672 458 718 c
473 678 533 738 you
548 659 622 718 hear
636 660 693 719 but
707 679 726 719 a
741 659 839 737 single
854 674 887 720 c:
906 707 907 710 ι

178 798 250 866 [Keil.
261 818 282 845 v.
292 805 319 845 v.
334 816 356 855 p.
371 793 430 864 ιιι]
475 791 545 845 Item
566 790 686 845 litteram
705 806 720 847 c
739 791 853 863 quidam
879 792 907 846 in
928 793 1097 864 quibusdam
1120 795 1175 850 dic·
1200 777 1201 780 Ἴ

131 886 254 940 tionibus
274 902 330 940 non
350 884 435 938 latine
450 884 583 950 ecferunt,
599 885 649 938 sed
663 886 702 939 ita
716 901 817 951 crasse,
831 893 862 940 ut
875 902 932 939 non
945 885 1088 942 discernas
1108 887 1175 957 quid

131 978 241 1033 dicant:
262 986 292 1033 ut
304 985 372 1063 puta
387 976 474 1046 siquis
485 975 560 1031 dicat
572 978 614 1030 sic
626 977 711 1042 ludit,
723 977 762 1031 ita
775 977 829 1032 hoc
842 977 964 1048 loquitur
977 986 1007 1032 ut
1015 986 1097 1049 putes
1112 996 1175 1033 eum

130 1071 159 1123 in
179 1070 302 1124 secunda
322 1077 401 1139 parte
421 1069 555 1123 orationis
573 1070 685 1124 cludere
700 1070 812 1137 dixisse,
827 1087 882 1124 non
899 1071 1011 1124 ludere:
1031 1079 1059 1125 et
1071 1071 1137 1125 item
1151 1071 1175 1124 si

130 1170 227 1216 contra
250 1162 325 1216 dicat
346 1159 414 1214 illud
434 1161 603 1215 contrarium
625 1160 745 1230 putabis.
784 1161 841 1214 Alii
861 1170 959 1216 contra
978 1162 1018 1215 ita
1037 1161 1175 1216 subtiliter

129 1254 184 1308 hoc
202 1255 336 1317 ecferunt,
352 1261 382 1306 ut
395 1269 458 1306 curn
475 1252 531 1306 duo
543 1266 559 1307 c
572 1252 703 1317 habeant,
719 1251 871 1307 desinentis
889 1253 989 1324 prioris
1008 1254 1096 1324 partis
1115 1270 1174 1308 ora·

130 1346 214 1399 tionis
234 1354 262 1400 et
282 1344 438 1413 incipientis
456 1343 576 1409 alterius,
591 1345 631 1398 sic
651 1344 801 1415 loquantur
818 1345 898 1416 quasi
917 1362 974 1400 uno
992 1359 1008 1400 c
1027 1353 1174 1416 utrumque

130 1437 276 1506 explicent,
292 1445 322 1490 ut
335 1436 432 1491 dicunt
445 1435 524 1490 multi
536 1437 578 1490 sic
590 1436 721 1490 custodit.

172 1578 212 1654 D,
233 1579 264 1638 in
286 1577 421 1656 general,
442 1578 469 1638 is
491 1578 693 1655 pronounced
715 1597 750 1638 as
772 1578 804 1636 in
827 1577 965 1656 English,
982 1588 1091 1657 except
1105 1579 1173 1641 that

129 1681 182 1740 the
198 1689 314 1756 tongue
329 1679 441 1739 should
456 1679 550 1738 touch
564 1679 617 1738 the
631 1678 717 1738 teeth
732 1678 835 1737 rather
849 1679 925 1737 than
940 1679 992 1738 the
1007 1680 1119 1757 palate.

125 1821 127 1824 ’
176 1815 288 1884 [Pompei.
317 1824 443 1866 Commod
449 1825 530 1864 Donat.
559 1812 789 1882 Keil.v.V1.p.32.]
834 1810 860 1864 D
874 1819 966 1865 autem
986 1818 1014 1865 et
1032 1817 1047 1866 t
1062 1810 1171 1882 quibus,

130 1912 160 1957 ut
174 1903 212 1957 ita
225 1903 350 1968 dixerim,
365 1902 443 1956 vocis
456 1902 586 1956 vicinitas
606 1901 746 1972 quaedam
766 1910 816 1967 est,
830 1901 942 1972 linguae
961 1901 1119 1956 sublatione
1139 1918 1172 1956 ac

129 1995 268 2064 positione
282 1993 496 2065 distinguuntur.
537 1995 613 2046 Nam
633 2010 697 2047 cum
716 2009 841 2047 summos
861 2001 944 2064 atque
960 1993 1030 2047 imos
1044 1993 1173 2064 conjunc-

130 2087 179 2139 tim
194 2087 294 2140 dentes
307 2102 438 2155 suprema
452 2085 494 2139 sui
507 2092 586 2155 parte
599 2085 779 2154 pulsaveritd
791 2084 911 2140 litteram
926 2085 1060 2154 exprimit
1099 2087 1172 2153 Quo-

129 2177 201 2231 tiens
223 2186 316 2231 autem
337 2175 489 2230 sublimata
510 2185 626 2246 partem,
651 2193 707 2247 qua
732 2177 840 2247 superis
866 2175 996 2231 dentibus
1019 2185 1062 2231 est
1084 2178 1170 2247 origo,

129 2269 277 2340 contigerit
289 2275 304 2324 t
316 2285 417 2322 sonare
430 2268 509 2323 vocis
523 2268 682 2338 explicabit.

172 2414 230 2471 But
244 2412 333 2470 when
348 2411 466 2471 certain
480 2412 581 2470 words
596 2411 628 2470 in
644 2430 786 2471 common
806 2429 862 2469 use
882 2410 998 2488 ending
1012 2411 1043 2470 in
1059 2409 1080 2471 d
1092 2430 1172 2471 were

127 2510 273 2571 followed
294 2512 335 2590 by
349 2511 450 2570 words
471 2511 641 2588 beginning
655 2511 727 2570 with
750 2530 768 2569 a
789 2519 971 2584 consonant,
994 2511 1048 2571 the
1070 2512 1172 2571 sound

128 2612 162 2671 oi
183 2611 235 2669 the
258 2607 279 2669 d
299 2630 360 2669 was
386 2610 561 2688 sharpened
582 2620 615 2670 to
636 2613 671 2683 t;
703 2610 765 2670 and
791 2609 905 2670 indeed
929 2611 982 2695 the
1003 2611 1088 2670 word
1108 2631 1171 2670 was

128 2712 224 2783 often,
248 2709 415 2788 especially
433 2711 475 2790 by
489 2711 541 2769 the
564 2709 673 2769 earlier
693 2709 818 2782 writerS,
839 2709 958 2768 written
981 2709 1054 2769 with
1075 2713 1102 2783 t,
1126 2730 1169 2784 as,

126 2811 175 2870 tor
190 2810 339 2883 instance,
355 2818 403 2882 set,
418 2813 502 2884 haut,
519 2818 613 2885 aput:

174 2944 244 3014 [Mar.
261 2955 318 3003 vict.
336 2954 354 2996 1.
372 2955 403 2996 ιιι.
420 2944 465 3015 sa]
512 2942 538 2996 D
564 2951 668 3012 tamen,
683 2941 804 2995 litteram
829 2950 978 2996 conservat
1002 2942 1027 2995 si
1051 2958 1171 3012 sequens

127 3033 243 3087 verbum
263 3034 379 3103 incipiat
398 3050 415 3087 a
433 3034 542 3101 vocali;
562 3042 593 3088 ut
611 3033 800 3088 laudaliter
814 3049 934 3098 muros,·
954 3041 982 3087 et
998 3033 1082 3087 haud
1094 3034 1171 3104 equi·

128 3125 198 3178 dem.
239 3126 280 3178 At
300 3142 364 3179 cum
385 3124 501 3178 verbum
527 3141 544 3178 a
569 3132 741 3179 consonante
762 3123 865 3193 incipit,
886 3124 904 3178 d
926 3123 1024 3195 perdit,
1046 3132 1076 3177 ut
1097 3125 1172 3179 haut

127 3217 248 3281 dudum,
262 3224 291 3272 et
303 3217 378 3270 haut
390 3216 526 3281 multum,
540 3225 568 3270 et
580 3216 655 3271 haut
661 3205 813 3286 placitura
828 3217 925 3287 refert,
940 3223 968 3269 et
980 3214 1087 3269 inducit
1099 3221 1123 3271 t.

169 3357 195 3418 F
217 3359 244 3419 is
265 3359 468 3436 pronounced
490 3377 524 3417 as
546 3358 577 3417 in
601 3358 729 3435 English
752 3368 862 3436 except
877 3359 945 3418 that
960 3358 983 3418 it
998 3358 1111 3419 should
1130 3360 1170 3418 be

126 3459 261 3536 brought
276 3468 330 3518 out
344 3477 428 3517 more
443 3457 583 3535 forcibly,
601 3457 674 3516 with
689 3477 773 3517 more
788 3458 906 3517 breath.

173 3581 246 3652 [Keil.
255 3604 276 3632 v.
287 3592 327 3632 VI.
338 3604 360 3642 p.
371 3580 418 3649 32.]
451 3576 603 3632 Plitteram
616 3576 701 3630 imum
714 3575 819 3630 labium
833 3577 939 3646 superis
950 3577 1171 3647 imprimentibus

126 3668 265 3736 dentibus,
286 3671 391 3724 reflexa
414 3668 450 3723 ad
470 3668 557 3738 palati
579 3668 723 3737 fastigium
742 3668 845 3739 lingua,
866 3668 921 3722 leni
939 3669 1091 3739 spiramine
1110 3685 1171 3739 pro·

125 3763 256 3818 feremus.
